2946 4761
1495 241 1575 297 47

456 433 583 499 111.
628 429 990 504 Terentius,
1037 426 1297 503 Atilius,
1344 428 1662 495 Licinius:
1712 427 1894 513 plur
1910 448 1992 492 es
2034 404 2411 495 comoediae
2445 399 2702 493 Atticas
2761 444 2768 450 ·

691 538 1070 619 sequuntur,
1100 531 1216 597 sed
1248 533 1502 597 diverso
1526 533 1653 601 fine
1683 531 1780 599 vel
1814 539 1939 605 τῶν
1969 536 2197 599 παθῶν
2228 533 2327 600 vel
2353 539 2477 598 τῶν
2498 532 2703 616 ἠθῶν.

466 643 581 710 lv.
629 640 932 715 Naevius,
968 638 1263 710 Plautus,
1298 637 1653 704 Caecilius:
1702 638 1956 703 Atticas
1986 639 2351 704 comoedias
2380 638 2480 703 vel
2513 661 2703 705 unam

692 744 793 809 vel
840 744 1054 829 plures
1102 747 1446 828 sequentes
1492 744 2044 810 Romanorum
2101 744 2496 830 inprimis
2566 767 2705 813 mo..-

586 932 597 946 .
697 871 829 914 res
874 853 952 913 et
997 871 1130 913 res
1176 851 1641 935 respiciunt
1694 859 1811 917 aut
1857 850 2170 935 temporis
2214 850 2314 917 sui
2360 850 2704 935 imaginem

696 954 1095 1041 proponendi
1141 959 1261 1021 aut
1303 955 1661 1022 delectandi
1708 955 1916 1020 solum
1962 977 2157 1021 causa
2200 954 2534 1040 populum.
2565 992 2682 1021 -——.

565 1062 953 1144 Priusquam
1000 1060 1373 1145 disputandi
1414 1060 1606 1125 finem
1656 1059 1988 1134 faciamus,
2033 1063 2322 1125 nostram
2358 1060 2707 1127 dissertati-

389 1191 579 1236 onem
625 1167 907 1233 breviter
950 1167 1268 1251 respicere
1311 1170 1508 1250 atque
1551 1165 1873 1238 nonnulla,
1930 1187 2094 1250 quae
2137 1167 2469 1231 notatione
2513 1167 2709 1252 digna

386 1275 721 1348 videntur,
768 1270 1007 1337 addere
1046 1271 1232 1337 nobis
1263 1271 1469 1347 liceat,
1527 1276 1599 1337 ut
1644 1293 1771 1337 uno
1817 1271 2054 1337 obtutu
2100 1271 2408 1352 originem
2456 1276 2522 1336 et
2565 1294 2709 1358 pro-

390 1400 681 1467 gressum
731 1378 935 1443 totius
980 1376 1216 1442 latinae
1262 1377 1631 1443 comoediae
1677 1377 1977 1463 palliatae
2024 1376 2500 1463 perspiciamus.

569 1483 1073 1550 Considerantes
1118 1482 1368 1549 litteras
1415 1483 1646 1549 latinas
1678 1482 1746 1546 id
1778 1483 2194 1556 admiramur,
2242 1482 2418 1566 quod
2442 1486 2576 1547 tres
2607 1505 2710 1547 an-

393 1590 788 1675 tiquissimos
819 1588 1096 1654 comicos
1122 1589 1519 1654 comoediam
1542 1587 1805 1652 latinam
1834 1588 1917 1651 ad
1939 1609 2282 1660 summam,
2315 1604 2505 1670 quam
2534 1581 2728 1674 apud'

392 1696 720 1763 Romanos
752 1716 1029 1777 unquam
1063 1698 1356 1759 assecuta
1386 1698 1509 1767 est,
1544 1694 1832 1758 videmus
1859 1692 2132 1778 gloriam
2163 1698 2232 1757 et
2254 1693 2707 1779 perfectionem

391 1802 695 1876 evexisse,
742 1806 939 1883 atque
983 1821 1223 1885 negare
1266 1821 1393 1864 non
1442 1807 1787 1884 pessumus
1847 1798 1965 1864 hos
2020 1799 2197 1884 ipsos
2258 1802 2487 1884 poetas
2542 1799 2710 1865 viam

388 1908 714 1992 ingressos
757 1927 916 1977 esse,
964 1926 1092 1988 qua
1136 1903 1271 1967 sola
1317 1905 1654 1971 comoedia
1698 1906 1781 1969 ad
1815 1903 2272 1991 perfectionem
2307 1904 2572 1991 perduci
2605 1927 2712 1991 po·

391 2011 541 2076 tuit.
635 1992 823 2089 Quae
869 2030 1091 2073 eorum
1137 2010 1306 2074 ratio
1365 2032 1442 2075 eo
1496 2011 1809 2084 consistit,
1871 2016 1947 2076 ut
1995 2008 2284 2075 Graecas
2343 2009 2712 2075 comoedias

392 2115 566 2182 haud
612 2115 984 2181 omittentes
1017 2114 1296 2199 quidem,
1345 2120 1561 2181 tamen
1593 2139 1847 2182 summa
1877 2137 2033 2181 cura
2063 2116 2297 2181 multas
2328 2137 2431 2180 res
2475 2139 2557 2182 ex
2588 2116 2712 2187 Ro-

360 2236 361 2239 ’
395 2243 730 2299 manorum
764 2221 895 2285 vita
924 2224 991 2314 et
1026 2219 1311 2285 moribus
1343 2222 1582 2307 petitas
1610 2220 1842 2289 fabulis
1872 2221 2307 2289 immiscerent
2339 2224 2538 2306 atque
2563 2243 2712 2289 suas

393 2327 758 2398 comoedias
780 2327 1037 2413 ingenio
1062 2326 1535 2412 eruditionique
1558 2326 1691 2412 ejus
1718 2326 2029 2414 temporis
2053 2327 2494 2398 Romanorum
2520 2344 2711 2412 quam

394 2434 670 2499 maxime
710 2433 1199 2499 accommodare
1229 2438 1638 2502 conarentur.
1706 2432 2003 2509 Plautus,
2050 2433 2351 2509 Naevius,
2396 2431 2714 2502 Caecilius

392 2544 637 2624 quanto
680 2538 898 2606 studio
941 2538 1197 2615 fabulis,
1245 2561 1412 2623 quae
1440 2544 1877 2604 Romanorum
1925 2539 2121 2605 indoli
2154 2543 2221 2604 et
2254 2538 2540 2604 moribus
2574 2562 2716 2624 pro-

390 2645 535 2729 pria
578 2649 783 2718 erant,
832 2645 1108 2710 inserere
1149 2645 1542 2721 studuerint,
1578 2645 1716 2729 jam
1765 2650 1958 2710 antea
1999 2645 2436 2731 exposuimus.
2461 2681 2550 2692 --
2582 2641 2716 2714 Sed

393 2745 569 2811 haud
614 2749 711 2810 ita.
760 2748 964 2812 multo
1009 2753 1161 2833 post
1206 2749 1305 2812 vel
1329 2737 1492 2834 'ipsa
1535 2772 1759 2816 eorum
1805 2754 2095 2816 extrema
2134 2754 2350 2816 aetate
2391 2749 2550 2815 haec
2591 2749 2715 2825 via,

396 2873 589 2936 quam
621 2851 896 2937 ingressi
928 2857 1130 2928 erant,
1178 2851 1259 2916 ab
1307 2854 1448 2917 aliis
1507 2856 1766 2919 comicis
1811 2854 2117 2920 derelicta
2170 2856 2446 2931 videtur,
2493 2859 2713 2941 atque,

395 2977 597 3041 quum
645 2954 1046 3023 Graecarum
1090 2957 1455 3026 litterarum
1501 2963 1572 3026 et
1613 2982 1828 3026 rerum
1875 2962 2162 3047 cognitio
2225 2961 2431 3046 magis
2489 2962 2718 3048 magis-

393 3083 521 3147 que
561 3062 839 3130 Romam
875 3067 1267 3149 penetraret,
1312 3065 1503 3151 hujus
1548 3067 1864 3152 temporis
1909 3073 2142 3154 poetae
2172 3090 2250 3133 ea
2278 3067 2418 3153 ipsa
2447 3090 2520 3136 re
2551 3088 2713 3133 com-

395 3169 556 3234 moti
599 3168 922 3240 videntur,
983 3174 1058 3234 ut
1101 3169 1298 3247 illam,
1353 3193 1549 3256 quam
1592 3173 1658 3238 in
1703 3171 1980 3240 Graecis
2013 3172 2523 3248 admirabantur,
2578 3191 2718 3259 per·

396 3270 741 3342 sectionem
789 3274 854 3339 in
898 3275 1161 3340 latinam
1209 3278 1604 3344 comoediam
1653 3278 2003 3346 transferre
2046 3283 2453 3348 conarentur.
2530 3275 2719 3358 Quae

398 3397 598 3461 quum
641 3380 735 3444 ita
780 3386 998 3446 essent
1038 3387 1236 3466 ,atque
1275 3381 1398 3448 illis
1430 3382 1690 3449 comicis
1737 3388 1914 3450 recte
1957 3389 2134 3452 esset
2175 3399 2576 3471 persuasum,
2621 3406 2720 3449 co-

400 3481 684 3548 moedias
729 3482 1015 3552 Graecas
1057 3488 1142 3554 ad
1189 3487 1453 3554 verbum
1501 3503 1840 3575 expressas
1882 3514 2009 3556 non
2044 3509 2234 3577 posse
2279 3491 2531 3577 plaeere
2574 3490 2721 3557 civi-

396 3586 540 3662 bus,
587 3586 775 3652 facile
804 3590 1308 3668 adducebantur,
1355 3598 1430 3657 ut
1460 3615 1539 3657 ex
1573 3594 1841 3660 diversis
1874 3595 2278 3662 Graecorum
2315 3595 2548 3662 fabulis
2580 3617 2721 3691 par-

396 3695 498 3756 tes
541 3692 920 3780 colligerent
981 3703 1175 3783 atque
1219 3700 1284 3763 in
1332 3721 1526 3763 unam
1585 3700 1849 3766 latinam
1897 3701 2297 3767 comoediam
2342 3701 2718 3767 conflarent.

394 3793 547 3862 Hoc
586 3821 740 3863 vero
790 3800 983 3865 modo
1027 3803 1269 3869 factum
1314 3810 1439 3892 est,
1495 3810 1592 3882 ut,
1635 3830 1836 3891 quem
1879 3807 2294 3894 appetebant,
2354 3808 2549 3873 finem
2592 3831 2722 3873 non

395 3909 910 3988 assequerentur.
1002 3905 1167 3972 Nam
1215 3933 1342 3976 non
1390 3911 1472 3976 ad
1518 3934 1736 3978 veram
1781 3913 2258 3999 perfectionem,
2307 3914 2419 3978 sed
2467 3913 2550 3977 ad
2596 3935 2722 3977 ma

394 4008 730 4074 turitatem
777 4010 1097 4095 quandam
1143 4013 1514 4082 festinatam
1562 4017 1999 4104 perducebant
2045 4020 2465 4093 comoediam,
2522 4042 2720 4104 quam

396 4110 481 4177 ob
526 4135 787 4183 causam
844 4117 1106 4183 latinam
1168 4122 1567 4187 comoediam
1631 4147 1781 4189 mox
1828 4148 1864 4189 e
1909 4124 2191 4211 fastigio,
2253 4126 2338 4191 ad
2383 4126 2559 4211 quod
2604 4148 2721 4212 per

394 4214 733 4297 Naevium,
778 4221 1107 4301 Plautum,
1167 4223 1522 4294 Caecilium
1568 4229 1737 4294 elata
1782 4235 1940 4311 erat,
2001 4230 2208 4298 delabi
2254 4232 2719 4318 cognoscimus.
