2946 4761
1230 296 1564 394 ἐξω,

197 482 553 550 excitarent
609 487 875 552 animos.
966 484 1254 552 Licinius
1322 494 1542 553 autem
1568 482 1574 487 ’
1605 491 1672 551 et
1732 486 1973 551 Atilius
2039 486 2103 549 in
2172 483 2296 551 hoc
2349 482 2522 549 nobo

197 590 429 676 genere
488 592 774 655 nondum
836 593 1027 680 plane
1079 594 1506 677 acquievisse,
1578 593 1725 668 sed,
1793 596 1871 655 ut
1933 591 2205 675 majores
2264 595 2516 677 poetae,

198 696 549 783 principem
603 698 971 764 comoediae
1021 699 1210 764 finem
1278 698 1344 763 in
1409 698 1842 763 commotione
1902 703 1970 761 et
2028 696 2522 782 perturbatione

198 803 555 866 animorum
620 804 910 889 posuisse
965 804 1296 881 videntur,
1351 825 1551 888 quum
1601 804 1815 867 Varro
1874 803 2050 888 apud
2107 800 2305 867 Char.
2364 801 2403 869 l.
2461 823 2518 865 o.

198 907 468 971 Atilium
516 908 786 971 πάθεσιν
829 909 1104 974 valuisse
1146 913 1370 994 aperte
1415 909 1618 984 dicat,
1690 929 2080 993 quamquam
2126 907 2264 991 ejus
2306 928 2526 971 sermo

197 1034 236 1076 a
282 1012 599 1079 Cicerone
642 1014 1067 1100 vituperatur,
1113 1013 1224 1102 (cf.
1271 1015 1353 1079 de
1390 1015 1497 1078 fin.
1547 1020 1596 1088 I,
1647 1021 1705 1088 2,
1754 1018 1820 1077 et
1859 1015 1943 1078 ad
1974 1013 2171 1079 Attio.
2206 1016 2374 1087 XIV,
2409 1009 2525 1098 20)

199 1124 393 1202 atque
437 1123 630 1205 poeta
674 1118 778 1182 ille
823 1119 1204 1184 durissimus
1249 1120 1562 1205 eleganti,
1618 1120 1730 1183 sed
1788 1119 2107 1183 destituto
2168 1119 2227 1182 vi
2275 1118 2526 1182 comica

198 1223 504 1288 Terentio
551 1230 976 1310 proponatur.
1054 1225 1246 1290 Unde
1277 1226 1507 1301 elucet,
1555 1247 1683 1309 qua
1720 1226 1968 1289 ratione
1999 1246 2292 1288 summus
2322 1222 2520 1289 Grae-

198 1352 420 1394 corum
468 1331 626 1393 artis
673 1334 740 1393 et
786 1330 1142 1396 admirator
1183 1336 1250 1396 et
1292 1331 1678 1408 aemulator,
1733 1328 2034 1394 ultimum
2080 1329 2313 1393 horum
2358 1327 2521 1392 obti-

198 1439 347 1499 neat
407 1434 617 1499 locum
679 1434 1052 1512 Terentius,
1123 1439 1231 1521 qui
1289 1437 1353 1501 id
1413 1437 1581 1524 agit,
1654 1442 1730 1501 ut
1789 1435 2075 1501 moribus
2122 1436 2524 1521 ingeniisque

197 1540 530 1605 hominum
590 1540 1011 1626 depingendis
1071 1547 1136 1607 et
1194 1547 1335 1607 arte
1389 1548 1459 1607 et
1513 1565 1810 1607 sermone
1867 1542 2227 1628 elegantem
2282 1539 2526 1605 efficiat

199 1646 615 1712 comoediam.

374 1750 641 1826 Omnes,
674 1760 851 1836 -quos
896 1755 1573 1831 commetnoravimu8‚
1638 1758 1868 1840 poetae
1912 1753 2342 1840 conjungendi
2385 1751 2524 1839 plu-

198 1880 302 1922 res
356 1857 606 1922 fabulas
662 1857 962 1923 libertate
1021 1860 1122 1923 usi
1180 1864 1367 1938 sunt3
1429 1861 1543 1924 sed
1604 1865 1682 1923 ut
1744 1881 1936 1946 saepe
1991 1860 2099 1930 fit.
2170 1859 2263 1922 sie
2319 1857 2522 1923 etiam

199 1964 422 2028 eadem
469 1967 685 2028 aetate
729 1964 932 2029 altera
972 1965 1123 2028 huic
1166 1966 1493 2029 contraria
1539 1967 1706 2029 ratio
1751 1970 1980 2030 exorta
2023 1970 2091 2029 et
2135 1964 2309 2029 culta
2353 1963 2525 2028 vide-

203 2073 339 2144 tur,
408 2091 573 2153 quae
632 2092 827 2133 unam
884 2075 1141 2133 tantum
1194 2069 1478 2137 fabulam
1541 2072 1919 2139 imitandam
1981 2070 2102 2135 sibi
2157 2069 2520 2156 proposuit,

200 2175 374 2258 quod
433 2175 800 2258 hujusmodi
854 2176 1079 2240 comici
1146 2175 1269 2242 hoc
1337 2178 1532 2241 modo
1598 2177 1998 2242 comoediam
2061 2176 2524 2261 elegantiorem

200 2300 337 2344 sese
380 2279 748 2345 reddituros
794 2281 1161 2367 sperabant.
1195 2288 1217 2325 ¹
1293 2278 1707 2367 Quamquam
1738 2285 1821 2347 ad
1851 2282 2015 2346 hane
2054 2286 2339 2346 nostram
2385 2286 2525 2347 sen-

200 2388 468 2450 tentiam
516 2388 848 2452 evidenter
891 2388 1393 2454 confirmandam
1440 2389 1687 2453 diserta
1741 2389 2116 2453 testimonia
2161 2387 2526 2454 desiderum

202 2498 328 2566 tur,
374 2498 593 2558 tamen
637 2494 719 2558 ad
766 2494 888 2557 hoc
932 2495 1318 2558 credendum
1367 2493 1553 2562 facile
1595 2496 2100 2568 inducimur‘eO,
2149 2493 2322 2578 quod
2360 2492 2529 2557 Tur-

201 2597 443 2682 pilium,
491 2599 807 2663 Trabeam
842 2601 1277 2684 Lusciumque
1324 2602 1387 2665 in
1433 2602 1565 2665 suis
1609 2600 1844 2666 fabulis
1888 2598 2292 2664 Graecorum
2337 2597 2526 2662 vesti-
2569 2625 2574 2626 ⁷

201 2703 308 2787 gia
352 2705 680 2769 anxietate
734 2706 1010 2789 quadam
1071 2706 1301 2792 legisse
1342 2708 1791 2793 cognovimus,
1839 2727 2047 2791 neque
2091 2727 2201 2770 eos
2246 2704 2530 2772 fideliter

202 2814 524 2874 vertentes
570 2809 789 2897 'plures
837 2811 1124 2877 Graecas
1168 2814 1533 2878 comoedias
1588 2815 1650 2877 in
1702 2834 1888 2877 unam
1936 2812 2200 2878 latinam
2247 2808 2529 2876 conflare

203 2936 393 2979 ausos
445 2937 584 2981 esse
645 2922 966 3003 putamus.
1058 2917 1283 3002 Neque
1349 2923 1569 2983 tamen
1631 2919 1787 2983 haec
1843 2923 1945 2983 est
2003 2921 2228 2988 nostra
2281 2918 2522 3004 opinio,

200 3019 343 3084 illos
397 3022 568 3086 viros
621 3023 687 3086 in
744 3024 876 3087 suis
933 3024 1280 3088 comoediis
1340 3023 1815 3088 conseribendis
1867 3024 2020 3089 nihil
2076 3022 2249 3087 aliud
2277 3019 2517 3105 egisse,

200 3126 320 3189 nisi
381 3132 458 3190 ut
521 3128 817 3213 religiose
877 3135 945 3193 e't
990 3130 1192 3193 anxie
1247 3129 1515 3193 verbum
1575 3130 1657 3194 de
1718 3130 1922 3195 verbo¹
1979 3128 2409 3214 exprimerent
2453 3128 2526 3187 et

200 3231 354 3295 nihil
416 3233 652 3297 addere
703 3234 805 3317 vel
860 3236 1115 3299 demere
1174 3235 1526 3321 exemplari
1572 3234 1826 3304 Graeco
1873 3256 2062 3300 ausos
2106 3233 2336 3306 fuisse,
2406 3227 2522 3294 s'ed

201 3340 422 3424 potius
462 3345 532 3405 et
576 3340 972 3408 voluntatem
1020 3346 1086 3405 et
1131 3340 1531 3428 voluptatem
1590 3343 2004 3429 respicientes
2055 3333 2323 3416 civium,
2347 3357 2526 3399 ‘non-
2587 3391 2592 3394 .

199 3445 394 3523 nulla,
443 3469 608 3531 quae
652 3451 919 3534 accepta
948 3445 1088 3511 fore
1119 3447 1426 3512 Romanis
1464 3443 1815 3533 sperarent,
1837 3438 2201 3521 ⁸addidisse,
2247 3438 2527 3525 aliaque,

201 3549 381 3634 quae
408 3547 635 3617 minus
663 3557 819 3639 apta
863 3552 1077 3620 latinis
1122 3552 1327 3617 oculis
1368 3558 1436 3617 et
1472 3551 1754 3617 auribus·
1771 3551 2163 3628 viderentur,
2209 3548 2523 3612 omisisse.

199 3655 366 3722 Nam
396 3658 718 3726 Trabeam
752 3655 931 3739 πάθὴ
977 3675 1384 3723 commovere
1416 3659 1759 3737 studuisse,
1807 3653 2118 3721 Varronis
2149 3654 2526 3719 testimonio

349 3877 388 3934 ι)
426 3875 504 3925 cf.
540 3876 759 3925 Grauert
789 3874 914 3926 hiet.
924 3874 1094 3941 -phiL
1129 3874 1357 3924 Analect.
1394 3868 1608 3938 11:207:
1642 3867 1720 3921 Im
1755 3869 2001 3922 zeitaltoe
2035 3869 2121 3918 des
2149 3863 2346 3919 s'l'ercnz
2379 3867 2527 3918 hatte

200 3962 285 4016 die
317 3964 689 4028 Naehahmung
724 3964 812 4014 der
834 3963 1081 4046 Grinehen
1119 3962 1427 4028 vorziiglich
1451 3961 1609 4014 durch
1644 3959 1847 4012 Ennius
1884 3959 1995 4010 sich
2030 3974 2086 4007 so
2123 3958 2239 4008 sehr
2276 3955 2529 4014 erweitert

200 4052 304 4102 und
351 4051 476 4101 alles
511 4051 784 4101 Nationale
831 4052 887 4101 in
935 4051 1025 4102 der
1056 4050 1341 4102 Litteratur
1386 4048 1849 4115 zuriickgedrangt,
1903 4046 2016 4097 dass
2063 4046 2272 4095 manche
2306 4060 2404 4093 nur
2439 4042 2522 4092 ein

199 4139 567 4204 iollstandiges
608 4140 946 4205 Uebertragen
983 4140 1070 4189 der
1105 4115 1452 4204 griechischen
1479 4139 1673 4187 Muster
1707 4137 1789 4185 fur
1822 4134 2013 4198 riehtig
2047 4132 2240 4182 hielten
2273 4132 2379 4181 und
2409 4130 2529 4194 jede

202 4226 324 4277 freie
358 4226 699 4291 Bearbeitung
743 4227 1267 4286 verwarfen38010he
1314 4208 1646 4276 heschrankte
1681 4209 1950 4275 Menschen
1996 4236 2159 4270 waren
2208 4220 2289 4270 die
2328 4219 2524 4284 Gegner

199 4313 286 4364 des
310 4313 514 4377 Terent,
551 4331 713 4379 gegcn
746 4313 865 4364 die
863 4329 917 4364 er
946 4329 1044 4364 nur
1068 4311 1164 4363 mit
1197 4314 1593 4365 fortwahrender
1617 4310 1852 4366 polemik
1876 4305 1985 4359 sich
2010 4309 2296 4373 behaupfcn
2318 4306 2529 4358 kanuto
