2946 4761
1482 284 1565 341 33

360 461 539 537 cilius
585 473 647 535 in
694 470 1177 556 componendis.
1198 470 1433 535 fabulis
1478 466 1948 557 adoptaverant
1983 467 2684 551 »rationemfrelinque-

361 582 460 642 ret
506 577 842 660 aliamque,
890 598 1054 659 quae
1080 577 1645 640 accommodatior
1689 576 1914 661 ipsius¹
1937 579 2003 638 et
2048 575 2398 638 amicorum
2441 573 2679 641 litteris

358 685 756 749 imbutorum
818 686 987 748 esset
1042 682 1333 767 ingenio,
1393 681 1862 766 ingrederetur.
1941 678 2047 745 Cf.
2080 680 2461 744 Ladevieius
2501 680 2675 747 Mus.

357 790 713 862 Rhenem,
745 812 807 874 p.
848 795 992 853 180.
1067 787 1237 851 Nam
1281 786 1372 850 illi
1417 792 1669 872 poetae,
1716 787 2016 871 quoniam
2057 785 2276 849 studio
2321 784 2681 850 delectandi

357 901 552 980 atque
596 916 795 958 aurae
829 893 1158 979 popularis
1202 893 1323 961 sibi
1372 893 1846 978 comparandae
1905 892 2119 978 gratia
2148 892 2214 954 in
2256 891 2679 956 retractandis

298 1047 308 1061 .
360 999 1156 1066 Graecorum-comoediis
1200 998 1653 1071 versabantur,
1712 996 1967 1063 Graeco
2026 996 2242 1061 colore
2288 1001 2355 1061 et
2400 1001 2542 1060 arte
2586 1018 2681 1063 re-

357 1107 542 1180 licta,
612 1128 687 1169 ea
754 1105 886 1171 suis
952 1102 1397 1169 immiscebant
1430 1103 1729 1178 -fabulis,
1800 1125 1964 1187 quae
2022 1102 2547 1187 intelligebantur
2614 1108 2683 1167 et

358 1212 692 1298 voluptate
733 1232 1032 1275 sensuum
1065 1209 1539 1293 affectuumque
1571 1209 2047 1295 accipiebantur
2089 1209 2481 1273 aRomanis·
2512 1213 2682 1273 atro-

359 1319 612 1400 cissima
674 1338 962 1401 quaeque
1020 1315 1404 1380 amantibus
1501 1314 1653 1393 Qua
1711 1317 1961 1379 ratione
2020 1319 2225 1378 artem
2277 1314 2490 1389 illam,
2549 1332 2681 1398 qua

358 1424 755 1508 compositae
813 1425 1000 1486 erant
1058 1420 1456 1489 Graecorum
1515 1419 1802 1494 fabulae,
1864 1420 2186 1506 perditam
2247 1441 2428 1494 esse,
2474 1440 2681 1502 neque

357 1528 469 1593 tali
532 1529 725 1592 modo
772 1531 1063 1592 mutatas
1128 1526 1226 1590 v'el
1291 1527 1509 1612 potius
1567 1526 1958 1612 depravatas
2018 1525 2385 1611 comoedias
2428 1524 2681 1610 placere

357 1634 648 1720 potuisse
692 1634 864 1707 viris,
911 1633 1020 1717 qui
1068 1654 1191 1697 non
1236 1632 1512 1706 ridendi,
1556 1632 1671 1695 sed
1715 1632 1933 1717 gaudii
1980 1631 2262 1717 purioris
2290 1630 2680 1716 percipiendi

357 1760 551 1804 causa
609 1738 867 1803 theatra
912 1739 1278 1814 visitarent,
1328 1739 1471 1822 quis
1515 1741 1651 1811 est,
1687 1738 1819 1821 ,qui
1864 1738 2095 1822 neget?
2182 1735 2523 1800 Terentius
2566 1737 2681 1822 igi-

355 1849 495 1919 tur,
555 1866 752 1927 quum
813 1843 938 1908 hoc
982 1844 1146 1908 bene
1205 1848 1630 1929 perspectum·
1663 1841 1931 1908 haberet
1971 1846 2169 1926 atque
2214 1843 2433 1927 paucis
2483 1841 2683 1905 homi-

353 1949 545 2015 nibus
588 1950 797 2013 doctis
843 1948 1099 2035 placere
1138 1953 1206 2013 et
1253 1949 1524 2013 eruditis
1570 1972 1645 2013 ac
1690 1948 2090 2034 sapientibus
2122 1948 2341 2034 potius
2367 1946 2680 2033 ,volupta-

354 2062 489 2120 tem
551 2053 777 2118 afferre
832 2055 1082 2130 mallet,
1130 2077 1339 2138 aquam
1397 2053 1694 2140 plausum
1755 2058 2017 2140 captare
2063 2059 2130 2118 et
2173 2054 2373 2117 risum
2423 2074 2683 2119 movere

356 2160 559 2246 plebis
590 2159 939 2224 illiteratae·
959 2198 1048 2209 —--
1078 2161 1260 2245 cujus
1290 2161 1428 2245 ipse
1458 2160 1647 2224 testis
1681 2165 1799 2234 est,
1842 2158 2313 2240 reprehendens
2346 2159 2677 2233 Luscium,

357 2267 531 2350 quod
577 2265 643 2329 id
688 2266 809 2330 sibi
854 2282 1054 2329 u'num
1102 2267 1353 2352 negotii·
1389 2269 1688 2352 putaret,
1736 2270 1843 2340 ut,
1888 2287 2049 2348 quas
2092 2264 2375 2338 fecisset,
2419 2263 2681 2329 fabulae

357 2371 598 2459 populo
626 2370 971 2458 placerent,
1007 2371 1116 2461 (cf.
1144 2372 1347 2437 Andr.
1372 2371 1538 2459 prol.
1566 2379 1633 2449 23
1667 2369 1962 2437 Eunuch.
1989 2370 2151 2457 prol.
2176 2370 2366 2458 init).
2388 2410 2479 2420 —-·
2501 2371 2677 2446 satis,

356 2499 577 2564 spero,
622 2476 976 2562 intelliges,
1034 2501 1158 2561 quo
1195 2479 1343 2563 jure
1388 2481 1710 2562 quamque
1754 2481 1938 2543 recto
1983 2499 2174 2541 sensu
2219 2477 2563 2542 Terentius
2610 2477 2678 2541 id

354 2585 587 2669 egerit,
649 2588 759 2647 ut
781 2583 844 2647 in
893 2583 1176 2668 palliatis
1220 2586 1352 2648 suis
1398 2583 1746 2649 comoediis
1794 2581 2119 2649 Graecum
2175 2586 2247 2646 et
2286 2581 2566 2648 colorem
2612 2588 2681 2647 et

355 2686 643 2751 habitum
690 2693 758 2751 et
803 2696 1008 2753 artem
1057 2711 1246 2773 quam
1307 2690 1584 2753 maxime
1642 2692 2101 2754 conservaret

430 2817 435 2822 ·
532 2790 731 2871 Quod
760 2793 1048 2856 studium
1072 2794 1356 2858 Terentii
1387 2795 1551 2857 artis
1581 2794 1980 2879 perfectioris
2011 2796 2288 2879 apparet
2312 2814 2408 2857 ex
2401 2791 2678 2858 delectu

357 2918 613 2981 quoque
659 2896 1050 2972 fabularum,
1100 2920 1259 2981 quas
1303 2899 1426 2963 sibi
1470 2900 1754 2985 sumpsit
1788 2899 2150 2965 imitandas.
2226 2896 2396 2963 Nam
2445 2898 2678 2963 Teren-

353 3002 483 3068 tius
526 3023 687 3089 prae
730 3004 974 3066 ceteris
1019 3003 1454 3068 Menandrum
1512 3004 1933 3068 clarissimum
1996 3007 2258 3089 poetam
2320 3009 2388 3067 et
2429 3003 2676 3089 elegan-

352 3108 674 3173 tissimum
722 3127 925 3174 novae
969 3109 1339 3174 comoediae
1382 3114 1661 3184 secutus,
1709 3108 1995 3173 fabulam
2030 3109 2374 3175 artificiose
2417 3114 2492 3173 et
2528 3132 2676 3174 cum
2728 3115 2734 3122 '

345 3214 588 3297 judicio
633 3215 959 3301 disponit,
1016 3214 1289 3279 actionis
1344 3216 1846 3300 explicationem
1883 3219 2058 3280 recte
2109 3220 2180 3280 et
2221 3214 2498 3279 fideliter
2542 3221 2680 3279 tue-

355 3322 482 3393 tur,
528 3343 970 3405 personarum,
1016 3341 1177 3404 quas
1220 3321 1467 3385 inducit
1511 3321 1576 3384 in
1609 3343 1886 3397 scenam,
1935 3342 2144 3385 mores
2182 3320 2501 3405 animique
2531 3344 2678 3386 con..

354 3422 631 3489 ditiones
675 3433 861 3491 acute
915 3429 984 3490 et
1038 3431 1215 3492 recte
1274 3426 1625 3491 delineatae
1670 3427 1992 3502 videmus;
2043 3447 2256 3490 sermo
2300 3448 2427 3491 non
2473 3427 2676 3512 tragi-

355 3550 579 3595 corum
624 3531 935 3599 altissimo
981 3531 1095 3597 sed
1138 3531 1483 3618 lyricorum
1533 3532 1767 3618 spiritu
1815 3532 2035 3598 fertur
2087 3551 2293 3615 neque
2331 3533 2674 3598 inconditis

344 3635 509 3719 jocis
572 3634 941 3701 dicteriisve
990 3643 1315 3714 “ox-natur,
1362 3640 1510 3703 'sed
1562 3639 1684 3703 -ita
1742 3638 2096 3702 instructus
2164 3643 2300 3714 est,
2369 3643 2455 3703 ,ut
2521 3661 2680 3722 qua-

353 3740 721 3810 tuordecim-
759 3743 1016 3808 ordines
1060 3767 1189 3809 non
1230 3744 1551 3820 offendat3
1601 3748 1678 3807 ut
1722 3743 2005 3808 breviter
2047 3742 2285 3807 dicam:
2332 3744 2548 3808 omnia
2590 3742 2676 3808 ab

352 3845 460 3909 mn
504 3846 600 3910 ita
642 3849 796 3910 sunt
840 3847 1175 3933 disposita.
1200 3853 1716 3935 eteomparata,
1761 3853 1836 3912 ut
1863 3849 2071 3933 magis
2097 3850 2258 3922 arti,
2299 3871 2496 3932 qnam
2524 3849 2676 3916 rudi

353 3950 1065 4018 multitudinisoensur
1091 3955 1433 4019 sufficiant.
1510 3954 1656 4019 Hac
1701 3955 1782 4018 de
1823 3975 1894 4017 re
1934 3953 2153 4019 videas
2192 3953 2550 4020 Bernharda
2579 3955 2670 4038 H.

352 4053 478 4119 litt.
509 4055 618 4125 lat.
651 4078 716 4142 p.
749 4064 909 4131 4243
956 4058 1265 4124 Momms.
1298 4061 1476 4125 Hist.
1508 4060 1702 4125 Rom.
1735 4064 1820 4133 ΙΙ,
1853 4082 1914 4145 p.
1949 4066 2101 4124 433.
2163 4113 2171 4122 .
2671 4091 2674 4096 ·

504 4159 783 4241 rQuare,
840 4186 1038 4248 quum
1100 4165 1442 4230 Terentius
1499 4165 1582 4229 ad
1642 4164 1921 4229 colorem
1979 4168 2047 4229 et
2093 4169 2300 4234 artem
2349 4163 2669 4231 Graecam

350 4266 728 4332 servandam
777 4270 1161 4355 propensior
1205 4273 1397 4345 esset,
1445 4270 1581 4355 ejus
1617 4268 1874 4335 fabulae
1916 4291 2111 4354 quam
2160 4271 2435 4336 maxime
2465 4292 2673 4336 acces-
