2946 4761
1413 253 1495 309 31

304 475 465 527 rum,
513 473 643 534 quo
669 444 1042 516 tendebant,
1087 441 1231 504 finis
1264 444 1448 504 erant
1473 442 1671 521 atque
1709 458 1793 535 *eo
1838 435 2130 521 inprimis
2175 432 2256 498 ab
2293 432 2453 508 aliie,
2500 433 2608 517 qui

306 558 419 622 hos
478 556 544 619 in
605 573 844 618 canone
907 546 1179 632 Sedigiti
1243 548 1636 629 sequuntur,
1699 541 2032 620 differunt,
2092 539 2269 624 quod
2324 540 2407 604 ad
2453 539 2620 603 hunc

306 666 513 750 ipsum
570 660 760 724 finem
818 651 1282 736 assequendum
1343 672 1444 714 ree
1503 655 1571 714 et
1630 648 2029 713 conditiones
2071 670 2120 710 e
2181 645 2617 710 Romanorum
2692 740 2698 747 .

307 769 473 833 vitae
512 762 799 848 vulgaris
846 757 1096 822 ambitu
1140 756 1463 840 quaesitae
1511 754 1745 819 fabulis
1792 755 1925 818 suis
1967 750 2439 825 immiscebant,
2488 749 2619 833 qui-

243 890 249 896 ·
307 874 424 938 bus
469 890 666 954 quum
713 864 1009 951 cognitae
1054 866 1266 927 essent
1312 859 1817 947 spectat‹›ribu5‚
1878 858 2174 923 facillime
2232 862 2303 921 et
2348 855 2622 920 maxime

309 978 552 1041 animos
597 971 933 1057 voluptate
978 975 1045 1034 et
1089 968 1514 1033 delectatione
1545 964 1715 1031 affici
1747 964 2112 1052 credebant.
2190 963 2321 1030 Sed
2356 965 2491 1049 jam
2538 963 2621 1027 ad

306 1081 583 1165 reliquos
629 1082 1050 1143 transeamus.
1164 1108 1165 1111 ¹

1080 1385 1157 1451 4.
1264 1379 1839 1451 Licinius.

307 1545 420 1659 De
464 1589 560 1663 iis,
609 1609 772 1672 quos
822 1584 1347 1658 memoravimuS,
1409 1583 1621 1668 poetis
1669 1583 1873 1648 multa
1915 1583 2099 1647 nobis
2144 1581 2514 1652 testimonia
2557 1586 2624 1645 et

297 1696 542 1782 judicia
587 1697 873 1758 veterum
921 1689 1146 1755 relicta
1189 1690 1630 1775 cognovimm,
1677 1689 1788 1753 sed
1833 1712 2082 1762 eorum,
2127 1690 2234 1773 qui
2268 1693 2626 1773 sequuntur

306 1804 370 1866 in
415 1822 673 1872 canone,
724 1802 996 1882 excepto
1041 1795 1367 1870 Terenti0‚
1417 1795 1629 1880 poesis
1671 1794 1947 1861 indolem
1999 1799 2067 1860 et
2101 1800 2398 1860 naturam
2444 1817 2623 1859 accu-

306 1913 446 1972 rate
488 1905 752 1970 definire
796 1901 1118 1966 difficilius
1158 1907 1277 1977 est,
1325 1901 1500 1986 quod
1545 1922 1766 1967 eorum
1815 1901 1950 1966 vita
1994 1905 2062 1966 et
2106 1903 2349 1988 scripta
2391 1899 2624 1970 nebula

304 2012 581 2096 quadam
627 2009 1101 2095 opprimuntur.

482 2114 713 2180 Plures
763 2114 1044 2197 ejusdem
1107 2113 1381 2177 nominis
1427 2112 1657 2177 Licinii
1704 2118 1934 2199 poetae
1977 2113 2423 2187 inveniuntur,
2470 2135 2623 2197 quo·

307 2243 448 2286 rum
484 2243 650 2285 unus
679 2224 933 2284 tantum
967 2220 1246 2284 comicus
1280 2218 1675 2304 perhibetur.
1747 2215 1996 2284 Gellius
2028 2219 2193 2283 enim
2227 2217 2308 2282 N.
2343 2224 2424 2282 A.
2447 2224 2624 2292 XIII,

311 2334 393 2392 22
439 2326 624 2391 dicit:
672 2326 1002 2402 „Licinius
1035 2324 1296 2392 Imbrex
1328 2329 1517 2392 vetus
1562 2325 2036 2392 comoediarum
2069 2326 2353 2413 scriptor
2383 2323 2623 2400 fabula,

308 2455 472 2518 quae
516 2432 766 2497 Neaera
810 2432 1120 2518 inscripta
1164 2440 1285 2509 esst,v
1331 2432 1429 2498 ita.
1467 2434 1759 2518 scripsit:
1804 2432 2017 2508 „Nolo
2057 2455 2180 2519 ego
2212 2432 2529 2498 Neaeram
2561 2438 2630 2496 te

307 2544 556 2616 vocent,
604 2539 717 2603 sed
762 2538 1135 2612 Nerienem,
1200 2538 1370 2604 Cum
1426 2539 1682 2622 quidem
1730 2539 1938 2603 Marti
1999 2561 2067 2603 es
2122 2540 2184 2603 in
2239 2537 2624 2604 connubium

307 2645 524 2711 datam
566 2683 656 2692 —
697 2645 924 2712 Livius
954 2649 1194 2719 XXXI,
1255 2652 1333 2708 12
1394 2645 1779 2709 mentionem
1820 2643 1975 2709 facit
2020 2645 2249 2709 Licinii
2291 2643 2625 2728 cujusdam

309 2751 689 2832 cognomine
732 2749 1038 2833 Tegulae‚
1086 2751 1216 2824 cui,
1267 2756 1342 2815 ut
1387 2773 1644 2816 carmen
1691 2752 2012 2837 piaculare
2057 2748 2328 2823 faceret,
2376 2750 2627 2818 deman-

311 2853 536 2917 datum
598 2857 847 2928 narrat,
905 2854 1080 2938 quod
1135 2877 1303 2918 anno
1365 2862 1492 2921 553
1555 2880 1619 2943 p.
1683 2880 1743 2920 u.
1790 2879 1844 2922 c.
1891 2858 2046 2943 (201
2091 2878 2149 2920 a.
2186 2854 2338 2944 Chi)
2384 2853 2626 2922 factum

308 2958 601 3023 scimus.1
693 2957 825 3038 Qui
870 2959 1155 3023 Licinius
1187 2962 1437 3047 Tegula
1480 2962 1651 3027 idem
1697 2961 1898 3052 suisne
1945 2963 2216 3044 videtur,
2263 2984 2452 3046 quem
2481 2961 2630 3028 Gel-
2679 3021 2682 3024 ,

306 3066 431 3130 lius
477 3064 520 3127 1.
566 3086 619 3129 c.
664 3063 1006 3128 imbricem
1066 3068 1373 3143 nominat,
1433 3067 1636 3153 (quod
1688 3074 1754 3132 et
1800 3068 2033 3134 Vossio
2078 3067 2343 3153 aliisque
2388 3067 2634 3156 placet)

308 3193 507 3256 quum
568 3176 919 3254 utrumque
977 3170 1357 3237 vocabulum
1409 3174 1704 3238 imbricis
1759 3180 1825 3238 et
1872 3173 2159 3260 Tegulae
2215 3174 2481 3242 eandem
2527 3172 2632 3239 ha-

313 3272 460 3341 beat
503 3276 1090 3363 significationem„²³
1181 3274 1367 3356 Quae
1398 3301 1513 3344 res
1559 3279 1612 3342 si
1656 3279 1750 3343 ita
1796 3302 1863 3344 se
1909 3279 2122 3354 habet,
2169 3279 2343 3345 haud
2389 3284 2630 3350 temere

310 3380 601 3446 concludi
648 3388 885 3470 potest,
943 3382 1264 3447 Licinium
1310 3405 1437 3447 non
1485 3383 1828 3469 ignobilem
1874 3384 2073 3451 fuisse
2134 3390 2420 3471 poetam,
2483 3406 2630 3450 nam

312 3485 450 3548 sine
494 3485 689 3551 dubio
737 3488 907 3554 malo
953 3495 1185 3573 Poetae
1231 3494 1299 3553 et
1326 3512 1453 3554 non
1491 3489 1923 3575 probato‘tale
1954 3492 2467 3577 componendum
2499 3513 2630 3556 car-

311 3611 457 3654 men
504 3589 959 3660 demandatum
1008 3618 1134 3659 non
1182 3593 1409 3659 fuisset
1458 3594 1727 3681 publice.

487 3692 620 3774 Qui
667 3696 834 3761 hunc
872 3701 936 3763 in
981 3722 1222 3765 canone
1270 3698 1544 3787 Sedigiti
1592 3700 1881 3785 sequitur
1926 3705 2121 3787 poeta

452 3932 491 3990 ¹)
526 3928 711 3979 Livius
758 3945 957 3994 quoque
1002 3933 1321 3985 Andronicus
1371 3940 1485 3984 octo
1535 3934 1681 3988 annis
1729 3940 1843 3986 ante
1891 3932 2057 3985 simile
2099 3950 2294 3984 carmen
2331 3949 2629 3999 componere

300 4013 476 4076 ,iussus
511 4023 602 4067 est.
672 4018 749 4067 Cf.
785 4017 964 4068 Livius
1001 4019 1218 4084 XXVII,
1256 4018 1342 4073 37.

449 4104 491 4164 ²)
528 4106 772 4156 Ritschel.
807 4108 1012 4173 Parerg.
1048 4127 1098 4174 p.
1138 4107 1240 4161 197
1276 4112 1368 4160 sub
1405 4111 1604 4161 duobus
1639 4112 1721 4162 his
1757 4112 2048 4164 nominibus
2074 4128 2231 4161 unum
2266 4115 2465 4161 tantum
2504 4125 2627 4176 poe·

302 4195 409 4240 tam
447 4192 618 4256 latere,
656 4211 833 4256 parum
858 4198 1120 4261 probabile
1157 4198 1337 4248 habere
1374 4198 1589 4261 videtur,
1627 4199 1712 4248 sed
1737 4216 1840 4250 non
1876 4199 2001 4249 satis
2037 4200 2196 4248 firmis
2231 4196 2557 4265 argumentis.
