2946 4761
1437 309 1521 370 88

313 498 538 561 serunt
579 496 663 560 ad
706 497 1097 584 exemplaria
1143 496 1435 574 Graeca,
1496 502 1576 563 ut
1640 497 1959 562 nonnullis
2006 495 2399 563 Graecitatis
2455 498 2631 584 igno-

201 680 205 685 ,
312 602 562 667 tantiae
616 624 812 667 causa
867 605 1133 669 mutatis
1190 607 1305 668 aut
1359 602 1715 680 nonnullis,
1757 611 1948 689 .q'uae
2008 605 2215 668 minus
2260 608 2414 690 apte
2459 603 2632 668 dicta

313 713 527 773 essent
571 730 611 772 a
657 706 926 773 Graecis
971 715 1037 775 et
1076 710 1384 775 Romanis
1432 709 1720 777 moribus
1766 710 2237 785 convenienter,
2283 708 2367 773 ad
2396 707 2631 773 Roma-

312 836 543 878 norum
612 814 811 878 vitam
879 818 946 879 et
1013 815 1441 880 eruditionem
1508 815 2045 890 accommodatis,
2115 812 2429 880 Graecam
2498 812 2631 879 fere

311 917 594 983 fabulam
642 919 838 984 latine
881 942 1253 986 conversam
1301 922 1488 987 nobis
1532 929 1826 1009 spectare
1880 920 1980 1005 vel
2023 921 2236 1006 legere
2279 919 2629 985 videamur.

314 1023 503 1104 Quae
545 1047 698 1090 vero
741 1049 909 1090 nova
953 1027 1286 1092 comoedia
1329 1028 1554 1092 Attica
1612 1051 1808 1112 quum
1855 1028 1919 1091 in
1965 1026 2295 1090 hominum
2346 1024 2631 1105 moribus
2687 1077 2695 1088 .

313 1136 379 1195 et
422 1131 693 1216 ingeniis
738 1131 1173 1198 describendis
1220 1136 1608 1209 versaretur,
1656 1132 1793 1197 fieri
1826 1156 1953 1197 non
1998 1133 2234 1218 potuit,
2284 1132 2435 1216 quin
2465 1154 2631 1216 quae

312 1259 453 1300 eam
499 1237 867 1301 imitaretur
909 1239 1242 1302 comoedia
1287 1238 1488 1302 latina
1531 1239 1798 1303 eandem
1838 1238 2171 1303 induceret
2201 1244 2522 1309 naturam,
2564 1241 2631 1301 et

311 1345 386 1406 ut
445 1341 732 1417 Graeca,
800 1343 893 1406 ita
959 1348 1027 1407 et
1080 1343 1365 1408 Terentii
1433 1344 1765 1410 comoedia
1827 1364 1977 1406 vere
2040 1350 2212 1407 esset
2270 1340 2464 1428 ἠθική
2532 1339 2631 1407 vel

313 1451 587 1512 morata.
642 1485 733 1494 -
797 1446 992 1512 Unde
1043 1471 1171 1513 non
1234 1450 1503 1526 mirum,
1564 1449 1738 1534 quod
1800 1448 1979 1535 plebs
2035 1448 2374 1519 illiterata,
2432 1470 2629 1532 quum

314 1551 716 1619 Graecorum
783 1554 982 1639 vitam
1043 1555 1481 1638 quotidianam
1546 1562 1613 1619 et
1670 1566 1879 1621 mores
1940 1562 2170 1641 parum
2216 1557 2632 1640 cognosceret

313 1665 380 1723 et
422 1660 602 1745 ipsae
645 1658 1015 1725 comoediae
1062 1657 1370 1737 Graecae,
1418 1684 1577 1745 quas
1617 1661 1934 1746 expressit
1964 1659 2326 1734 Terentius,
2372 1682 2504 1723 non
2547 1657 2632 1722 ad

311 1763 633 1850 voluptati
680 1768 750 1827 et
794 1766 1007 1828 sensui
1053 1764 1259 1851 plebis
1303 1765 1710 1833 serviendum
1771 1768 2187 1852 comparatae
2240 1768 2487 1839 essent,
2550 1785 2632 1828 ex

311 1869 627 1955 elegentia
683 1869 793 1941 illa
842 1869 1378 1936 Terentianarum
1449 1872 1927 1936 comoediarum
1997 1876 2064 1935 et
2131 1868 2305 1934 vitae
2374 1868 2632 1935 Atticae

313 1976 560 2040 ratione
603 1999 641 2039 a
687 1998 803 2040 sua
847 1978 986 2040 vita
1030 1981 1097 2041 et
1141 1975 1426 2040 moribus
1472 1977 1724 2053 alienis,
1782 1977 2183 2063 voluptatem
2230 1997 2460 2061 capere
2503 1983 2632 2039 non

311 2082 551 2168 potuit,
598 2088 664 2146 et
707 2081 1231 2146 funambulorum
1276 2082 1707 2167 ludorumque
1744 2081 2110 2169 spectacula
2156 2082 2415 2166 majoris
2458 2081 2630 2154 feeit,

311 2210 503 2273 quam
545 2187 834 2252 Terentii
875 2187 1127 2251 fabulas
1178 2188 1585 2273 spectandas.
1664 2188 1870 2273 Cujus
1914 2189 2004 2252 rei
2046 2188 2232 2252 testis
2276 2194 2408 2261 est,
2457 2182 2632 2271 quod

311 2293 564 2380 vulgus,
612 2293 769 2358 dum
814 2293 1076 2379 Hecyra
1115 2293 1398 2358 Terentii
1453 2293 1799 2380 agebatur,
1860 2294 1958 2358 bis
2006 2316 2040 2358 e
2085 2293 2343 2358 theatro
2386 2291 2633 2357 funam-

311 2399 497 2465 bulos
528 2399 786 2467 videndi
817 2422 1011 2468 causa
1040 2400 1388 2466 decessisse
1419 2407 1822 2487 compertum
1862 2400 2191 2473 habemus,
2226 2398 2336 2486 (cf.
2362 2400 2525 2485 prol.
2541 2400 2633 2465 ad

311 2505 587 2594 Hecyr.)
638 2509 769 2590 qua
821 2528 892 2569 re
948 2506 1105 2569 nihil
1165 2506 1398 2570 clarius
1458 2506 1645 2571 nobis
1700 2507 2017 2581 ostendit,
2079 2505 2234 2591 quid
2289 2505 2520 2592 vulgus
2565 2506 2631 2570 in

309 2611 575 2676 theatro
617 2612 982 2696 quaesierit,
1031 2618 1098 2675 et
1143 2612 1271 2675 vim
1318 2612 1494 2676 illam
1543 2612 1883 2688 comicum,
1931 2634 2059 2695 qua
2102 2611 2363 2677 retineri
2410 2615 2634 2698 posset

310 2716 510 2803 plebs,
557 2716 846 2781 Terentii
890 2717 1236 2781 comoediis
1281 2716 1579 2782 defuisse.

478 2821 644 2902 'Qua
686 2822 750 2886 vi
795 2823 1043 2894 eomica
1084 2822 1416 2892 deficiente
1463 2822 1795 2909 Sedigitas
1842 2827 2176 2908 permotus
2222 2823 2510 2900 videtur,
2556 2827 2631 2887 ut

308 2928 686 2993 Terentium
733 2929 798 2991 in
842 2935 1096 2993 sextum
1144 2927 1415 2994 referret
1458 2928 1695 2992 lecum.

485 3032 592 3098 De
635 3025 942 3098 Terentio
986 3034 1181 3116 ⁴plura
1222 3033 1419 3099 verba
1462 3033 1753 3098 facienda
1797 3036 2198 3119 putavimus,
2254 3038 2331 3098 ut
2381 3030 2628 3117 Sedigi-

260 3142 266 3149 '
311 3143 452 3203 tum
498 3140 763 3203 erimine
806 3139 1076 3224 injuriae
1116 3139 1271 3204 huie
1311 3141 1559 3204 comico
1602 3139 1822 3205 illatae
1867 3140 2372 3211 defenderemus,
2414 3135 2626 3200 simul-

305 3266 436 3329 que
476 3245 650 3328 quia,
696 3245 752 3308 si
797 3265 915 3309 suo
942 3245 1103 3308 loco
1145 3245 1523 3309 Terentium
1570 3246 1856 3331 positum
1902 3244 2306 3318 intellexeris,
2349 3241 2629 3328 permul-

309 3354 449 3415 tum
495 3350 644 3414 inde
688 3350 846 3415 lucis
891 3352 959 3415 in
1001 3355 1214 3431 totum
1262 3372 1568 3415 canonem
1626 3349 2080 3416 illustrandum
2126 3370 2422 3412 emanare
2449 3347 2630 3414 :arbi-

307 3459 580 3525 tramnr.

483 3561 578 3627 Hi
634 3565 771 3626 tres
829 3566 1095 3649 poetae,
1158 3563 1481 3640 Licinius,
1543 3562 1818 3637 Atilius,
1878 3559 2220 3626 Terentius
2279 3558 2627 3624 secundam

308 3667 566 3732 canonis
611 3668 876 3732 classem
918 3669 1367 3743 constituunt,
1423 3668 1600 3751 quod
1661 3687 1857 3752 quum
1913 3667 2095 3732 totus
2151 3666 2330 3731 locus
2375 3665 2628 3738 suadet,

307 3777 451 3838 tum
493 3772 719 3837 lucide·
741 3774 1087 3860 apparebit
1130 3774 1385 3838 horum·
1409 3773 1893 3859 comparatione
1932 3770 2107 3836 faeta
2137 3794 2283 3838 cum
2327 3770 2471 3846 illis,
2517 3771 2629 3854 qui

308 3882 667 3962 sequuntur
723 3879 970 3965 poetis,
1032 3879 1363 3967 Turpilio,
1420 3879 1711 3954 Trabea,
1771 3878 2038 3943 Luscio.
2121 3874 2276 3957 Qua
2326 3878 2632 3942 instituta

308 3984 483 4069 quod
541 3984 887 4049 discrimen
938 4007 1234 4071 quaeque
1287 3985 1392 4050 lex
1451 3983 1571 4049 hos
1617 3983 1878 4048 ordines
1920 3988 2260 4073 poetarum
2295 3983 2626 4069 seJungat,

304 4089 372 4154 in
415 4094 645 4176 aperto
689 4090 832 4155 erit.
918 4127 945 4142 .,
1877 4131 1882 4144 ι
