2946 4761
1399 295 1484 352 30

273 479 381 542 nio
428 477 510 542 N.
555 479 631 544 A.
677 484 793 553 111,
838 487 876 544 3
945 478 1452 567 fragmentisque
1515 479 1776 545 fabulae
1832 475 2083 546 Harioli
2150 482 2591 547 confirmatur.

274 583 685 670 Quamquam
751 608 904 651 vero
965 587 1028 650 hi
1087 588 1309 651 comici
1373 587 1843 671 conjunctionis
1888 586 2189 651 libertate
2260 589 2353 652 usi
2418 595 2588 660 sunt,

273 695 490 754 tamen
536 713 675 754 eam
723 692 1005 756 rarius
1050 691 1132 756 ab
1162 691 1687 756 illisadhibitam
1722 710 1859 756 esse
1906 691 1989 756 ob
2035 694 2323 779 ipsorum
2357 695 2592 781 ingenii

269 796 746 861 secund-itatem.
778 797 1081 863 credibile
1123 796 1399 862 habetur
1428 820 1666 882 eosque
1711 821 1782 862 ea
1826 797 2085 881 quidem
2120 797 2414 883 elegisse,
2457 801 2618 883 qui·-

268 901 395 967 bus
427 925 555 966 non
603 907 737 967 tam
806 924 1019 968 mores
1085 903 1621 989 depingerentur,
1690 926 1882 987 qnam
1953 902 2146 966 animi
2203 910 2274 967 et
2324 904 2593 968 affectus

272 1012 713 1094 spectat-orum
772 1014 1352 1073 commoverentur.
1455 1008 1624 1073 Nam
1687 1008 1914 1073 callide
1946 1015 2043 1074 et
2075 1038 2076 1041 ¹
2104 1010 2291 1073 acute
2359 1008 2594 1093 quibus

272 1113 465 1179 rebus
525 1115 934 1200 potissimum
992 1114 1173 1201 plebs
1226 1113 1525 1178 delectari
1584 1119 1804 1200 posset
1874 1116 2331 1201 perspicientes
2389 1114 2595 1178 multa

273 1241 424 1282 sane
483 1220 549 1282 in
609 1221 855 1305 graecis
904 1220 1411 1305 exemplaribus,
1484 1240 1647 1303 quae
1702 1219 2166 1304 sequebantur,
2236 1218 2591 1287 omittenda

271 1324 694 1411 reperiebant,
743 1346 907 1409 quae
939 1326 1376 1390 Romanorum
1414 1323 1701 1390 moribus
1746 1326 2353 1389 nonconvenienter
2381 1333 2595 1390 essent

268 1431 447 1495 dicta
489 1453 695 1516 neque
741 1453 858 1517 per
900 1430 1115 1515 legum
1156 1431 1571 1495 severitatem
1631 1431 1697 1495 in
1754 1453 1945 1495 scena
2000 1430 2106 1515 agi
2155 1431 2589 1516 permitteren-

271 1543 401 1612 tur,
450 1536 656 1601 multo
701 1536 892 1623 plura
930 1534 1386 1602 commutanda
1430 1534 1518 1600 ob
1562 1537 1997 1622 spectantium
2061 1537 2296 1622 ingenii
2344 1536 2595 1601 inbecil-

271 1642 542 1707 litatem.
618 1640 783 1708 Nam
830 1663 911 1705 ne
958 1641 1162 1705 dicam
1210 1640 1292 1707 de
1337 1648 1477 1706 arte
1521 1641 1800 1717 scenica,
1862 1664 1990 1726 qua
2038 1641 2274 1705 Graeci
2318 1642 2593 1705 maxime

271 1747 774 1821 delectabantur,
824 1770 1015 1832 quam
1063 1768 1214 1811 vero
1261 1748 1702 1813 Romanorum
1767 1748 2119 1812 multitudo
2174 1769 2249 1811 eo
2298 1752 2593 1833 t-em‘pore

266 1855 487 1918 animo
533 1855 1018 1940 percipere-non
1050 1859 1520 1939 poteratt'non
1566 1859 1750 1918 tanta
1783 1852 2185 1919 Graecorum
2226 1857 2293 1916 et
2341 1874 2588 1930 morum

273 1964 341 2024 et
385 1960 558 2024 vitae
600 1960 892 2046 publicae
930 1965 1002 2023 et
1034 1958 1337 2045 ‘privatae
1380 1961 1668 2046 cognitio
1713 1959 1794 2023 ad
1829 1960 2152 2024 Romanos
2201 1955 2589 2042 pervaserat,

274 2072 349 2131 ut
393 2087 560 2152 quae
600 2086 831 2152 graeca
875 2067 939 2128 in
985 2086 1193 2137 scena·
1219 2071 1583 2152 agerentur,
1635 2066 1792 2130 bene
1824 2064 2268 2150 perspicerent
2306 2070 2375 2126 et
2420 2067 2597 2126 recte

271 2177 779 2259 cognoscerent.-
827 2171 1226 2235 Est-autem
1258 2193 1349 2235 ea
1394 2170 1723 2236 hominum
1773 2170 1967 2234 animi
2009 2169 2331 2246 conditio,
2392 2154 2591 2232 ut'ex

270 2279 378 2355 iis,
424 2298 606 2362 *quae
664 2281 853 2342 extra
906 2299 1088 2342 suam
1150 2277 1461 2341 sentiendi
1525 2282 1592 2342 et
1650 2277 1977 2362 cogitandi
2028 2276 2420 2362 provinciam
2469 2275 2594 2338 sita

270 2386 432 2460 sint,
500 2384 896 2471 voluptatem
967 2385 1229 2449 omnino
1295 2405 1422 2447 non
1478 2384 1736 2466 capiant
1795 2383 1892 2447 vel
1952 2384 2276 2447 minimam
2341 2382 2592 2446 saltem.

272 2490 445 2569 Quo·
472 2496 644 2554 recte
689 2491 952 2576 cognito
995 2490 1220 2555 comici
1267 2489 1446 2553 latini
1493 2512 1620 2562 non
1654 2488 2164 2563 Atheniensium,
2212 2488 2326 2552 sed
2373 2486 2593 2574 potius

269 2596 854 2661 Romanorumwel
905 2596 1215 2660 ltalorum
1266 2611 1495 2671 mores,
1544 2597 1854 2679 quantum
1902 2616 2017 2679 per
2063 2594 2235 2679 leges
2285 2599 2353 2658 et
2400 2592 2593 2678 magi-

271 2707 516 2767 stratus
561 2699 825 2777 licebat,
887 2702 950 2765 in
996 2699 1359 2765 comoedias
1406 2723 1556 2764 suas
1598 2700 1982 2778 intulerunt.
2060 2697 2328 2779 Quanto
2376 2699 2592 2763 studio

266 2809 336 2873 id
376 2807 853 2873 elaboraverint
896 2805 1238 2883 Caeciliu8‚
1285 2805 1561 2871 Plautus
1591 2805 2023 2890 Naeviusque,
2072 2806 2356 2872 ostendit
2390 2804 2475 2870 G.
2509 2806 2590 2868 A.

272 2912 662 2978 Schroeder:
723 2911 1210 2976 dissertationes
1269 2919 1404 2976 tres
1463 2913 1544 2977 de
1591 2913 1901 2977 Romanis
1961 2912 2248 2976 moribus
2293 2911 2592 2997 pallia-tae

267 3016 529 3082 fabulae
573 3017 899 3090 immixtis.
968 3018 1521 3083 ,Mariae-insulae
1558 3025 1747 3092 1833,
1803 3025 1991 3094 1837,
2030 3024 2197 3082 1853
2232 3017 2469 3100 -Progr.
2502 3050 2589 3058 —

266 3121 419 3188 Hoc
484 3123 776 3209 inprimis
844 3115 1208 3209 perspicere
1274 3123 1425 3187 licet
1482 3146 1564 3187 ex
1618 3123 1836 3188 Plauti
1904 3123 2280 3195 comoediis,
2356 3117 2587 3204 quibus

268 3227 598 3317 praeclara
657 3230 830 3293 vitae
878 3230 1177 3315 ‘privatae
1228 3228 1400 3293 illius
1458 3231 1773 3316 temporis
1831 3229 2216 3315 proponitur
2260 3225 2587 3310 imag-oet

264 3333 724 3422 perversitates
769 3340 835 3398 et
880 3336 1305 3409 temeritates,
1354 3336 1595 3419 quales*
1623 3341 1807 3399 erant
1849 3335 1913 3397 in
1947 3335 2386 3397 Romanorum
2419 3328 2585 3402 vita,

266 3441 480 3529 lepide
510 3447 685 3504 ‘ante
738 3440 958 3505 oculos
1002 3448 1366 3527 ponuntur.
1452 3439 1679 3525 Neque
1737 3446 1948 3504 tamen
2011 3431 2071 3500 h'i
2133 3435 2358 3502 comici
2419 3433 2590 3500 hunc

266 3547 386 3611 sibi
434 3552 910 3633 proposuerunt
953 3547 1176 3622 finem,
1232 3552 1316 3611 ut
1359 3543 1690 3611 hominum
1759 3567 1970 3608 mores
2011 3547 2079 3606 et
2126 3541 2380 3628 ingenia
2427 3539 2588 3605 bene
2659 3589 2664 3593 .

269 3649 738 3738 perscriberent·
783 3652 1237 3738 egregiamque
1268 3652 1619 3725 hominum,
1668 3672 1829 3735 quos
1861 3647 2268 3722 inducebant,
2314 3651 2588 3711 naturae

264 3758 761 3844 descriptionem
813 3759 1083 3844 primam
1132 3780 1286 3822 suae
1329 3757 1700 3821 comoediae
1760 3761 2007 3841 partem
2057 3752 2412 3827 habebant,
2475 3748 2588 3814 sed

268 3886 688 3948 quaecunque
742 3863 1108 3928 inserebant
1163 3886 1199 3927 e
1257 3864 1391 3928 vita
1430 3863 1707 3949 -privata
1765 3861 1864 3925 vel
1923 3859 2181 3947 publica
2225 3859 2585 3942 desumpta,

264 3976 459 4035 antea
501 3971 717 4035 omnia
748 3971 830 4034 ad
876 3970 1370 4035 commotionem
1405 3967 1754 4033 affectuum
1786 3967 2146 4053 composita
2176 3970 2244 4029 et
2271 3965 2589 4028 instructa

268 4084 453 4141 erant
498 4081 697 4160 atque
736 4077 801 4139 in
849 4076 1076 4139 animis
1121 4099 1197 4140 eo
1246 4074 1670 4161 perducendis
1718 4073 2176 4145 versabantur,
2224 4074 2297 4134 ut
2341 4072 2589 4154 specta-

267 4187 467 4247 tores·
505 4204 634 4245 una
693 4203 838 4245 cum
894 4182 1007 4257 iis,
1071 4182 1180 4265 qui
1228 4181 1288 4244 in
1337 4181 1659 4268 pulpitum
1708 4180 2192 4252 inducerentur,
2252 4195 2445 4260 agere
2481 4170 2588 4237 ,vel

269 4287 409 4373 pati
468 4286 585 4350 sibi
624 4286 1035 4350 viderentur.
1116 4284 1423 4369 τὼπάθη
1486 4287 1689 4373 igitur
1752 4286 2051 4373 princeps
2097 4282 2326 4346 horum
2373 4283 2589 4366 poeta·
