2946 4761
1398 245 1483 302 32

1019 480 1024 485 ’
1179 479 1246 545 5.
1314 464 1737 549 'Atilius

287 640 657 724 tragoedias
700 644 770 703 ct
815 641 1179 705 comoedias
1226 646 1611 730 composuit,
1656 651 1939 711 ceterum
1985 649 2156 714 haud
2205 675 2439 739 magna
2473 656 2603 739 ejus

196 740 201 745 ’
287 743 496 828 gloria
537 745 1058 811 fuisse‘videtur.
1150 747 1343 813 Nulla
1388 751 1509 813 nisi
1558 749 1888 818 Ciceronis
1934 760 2001 820 et
2045 756 2359 823 Varronis
2405 761 2486 825 de
2531 785 2602 827 eo

277 850 521 935 judicia
565 843 901 916 habemus.
940 852 1023 917 cf.
1060 851 1208 918 Ott.
1242 855 1554 920 Ribbeck.
1591 857 1627 919 1.
1663 881 1715 922 c.
1751 882 1815 944 p.
1853 867 1956 925 27.

464 955 697 1023 Cicero
742 959 824 1022 de
865 958 974 1022 fin.
1021 959 1074 1032 1,
1110 966 1148 1022 2
1173 959 1359 1024 dicit:
1404 962 1875 1049 „Synephebos
1922 989 2046 1051 ego
2090 969 2312 1052 potius
2346 968 2600 1036 Caecilii

285 1056 401 1126 aut
445 1062 751 1127 Andriam
798 1063 1104 1136 Terentii,
1165 1087 1358 1149 quam
1393 1072 1735 1153 utramque
1790 1071 2132 1136 Menandri
2188 1074 2439 1161 legam?
2541 1080 2599 1141 A

286 1166 518 1252 quibus
564 1171 815 1232 tantum
869 1169 1198 1247 dissentiO,
1250 1178 1340 1246 ut,
1391 1195 1588 1256 quum
1640 1174 1990 1261 Sophocles
2026 1177 2121 1242 vel
2169 1181 2412 1265 optime
2457 1183 2600 1245 scri-

285 1273 488 1359 pserit
535 1272 883 1349 Electram,
931 1281 1147 1339 tamen
1197 1277 1358 1341 male
1405 1301 1775 1344 conversam
1824 1281 2006 1346 Atilii
2056 1284 2208 1347 mihi
2263 1285 2595 1369 legendam

284 1383 542 1465 putem3
604 1379 685 1443 de
729 1401 858 1462 quo
903 1380 1193 1445 Licinius
1245 1382 1532 1449 ferreum
1573 1388 1980 1474 scriptorem,
2043 1412 2288 1466 verum,
2348 1392 2591 1476 opinor,

284 1485 662 1571 scriptorem
710 1489 944 1560 tamen,
994 1491 1070 1550 ut
1113 1487 1419 1574 legendus
1465 1492 1571 1555 sit.

371 1584 557 1656 Idem
607 1591 839 1655 Cicero
883 1614 984 1677 ep.
1031 1592 1114 1656 ad
1161 1596 1301 1658 Att.
1341 1604 1440 1671 14,
1472 1605 1595 1663 20:

457 1726 461 1733 «
548 1694 794 1772 „Suam
841 1698 1070 1781 cuique
1114 1716 1434 1784 sponsam,
1484 1703 1636 1766 mihi
1684 1727 1926 1782 meam3

590 1799 797 1866 Suum
844 1803 1073 1886 cuique
1118 1827 1423 1884 amorem,
1470 1809 1626 1876 mihi
1673 1832 1907 1875 meum.

370 1905 518 1973 Non
551 1908 742 1973 scite:
779 1907 899 1972 hoc
924 1909 1089 1971 enim
1125 1911 1364 1978 Atilius
1390 1920 1587 2001 poeta
1615 1917 2057 1991 durissimus“,

283 2026 476 2107 atque
506 2022 699 2088 Tusc.
729 2022 844 2098 lv,
878 2032 952 2086 11
1004 2043 1193 2086 unam
1242 2044 1321 2085 ex
1368 2022 1504 2105 ejus
1546 2022 1894 2086 comoediis
1937 2021 2127 2087 affert
2169 2024 2424 2089 dicens:

546 2126 779 2207 „Quae
825 2132 1040 2192 antem
1089 2132 1240 2192 sunt
1289 2127 1383 2190 his
1440 2129 1781 2202 contraria,
1844 2151 1919 2192 ea
1977 2129 2153 2193 nasci
2206 2133 2518 2215 putantur
2562 2152 2601 2191 a

626 2220 840 2310 ‘metu3
874 2238 948 2297 ut
972 2233 1190 2297 odium
1218 2232 1554 2298 mulierum
1582 2233 1767 2317 quale
1791 2234 1855 2297 in
1876 2231 2193 2320 μισογῦνῳ
2226 2234 2408 2297 Atilii
2432 2236 2598 2297 est.“

461 2338 770 2424 Ejusdem
817 2339 1093 2404 nominis
1138 2339 1532 2405 comoediam
1584 2340 1949 2426 composuit
1979 2339 2359 2415 Menander,
2407 2362 2600 2425 quam

284 2469 365 2511 ex
413 2467 590 2510 more
636 2453 970 2532 poetarum
1019 2445 1189 2510 illius
1235 2449 1548 2533 temporis
1595 2446 1676 2511 ab
1726 2446 1924 2511 Atilio
1971 2467 2341 2510 conversam
2389 2446 2601 2511 verisi-

280 2552 616 2616 mfflimum
650 2558 999 2637 putamus.
1047 2550 1126 2619 cf.
1160 2554 1442 2618 Meinck.
1478 2554 1542 2617 in
1574 2554 1754 2618 Men.
1788 2552 1901 2616 rel.
1935 2576 1997 2638 p.
2038 2558 2179 2617 115.

382 2661 387 2666 ’
458 2658 711 2733 Restat,
762 2649 835 2721 ut
878 2659 1240 2743 gravissimi
1287 2649 1470 2726 nobis
1527 2660 1608 2723 de
1652 2658 1854 2724 Atilio
1901 2658 2255 2721 testimonii
2288 2657 2603 2723 Varronis

284 2774 673 2837 mentionem
720 2772 1029 2836 faciamus
1061 2769 1366 2835 dicentis:
1414 2763 1634 2848 „noi-9⁷7
1681 2787 1835 2829 vero
1867 2765 2123 2829 Trabea
2167 2769 2231 2828 et
2265 2765 2508 2829 Atilius
2536 2769 2607 2829 et

285 2876 603 2943 Caecilius
640 2878 832 2943 facile
880 2882 1278 2942 moverant.“
1324 2873 1403 2939 cf.
1439 2872 1637 2938 Char.
1670 2895 1734 2957 p.
1770 2878 1895 2936 215
1928 2871 2194 2939 Putsch.

459 2983 565 3048 Ex
608 2983 710 3047 his
756 2983 976 3069 paucis
1008 2982 1394 3048 testimoniis
1441 2980 1547 3043 vix
1595 2977 1838 3062 aliquid
1870 2978 2109 3041 certius
2142 2982 2208 3041 et
2239 2974 2596 3041 accuratius

271 3088 419 3152 ‘erui
451 3093 683 3175 potest.
765 3089 840 3152 ld
866 3093 1103 3153 *autem
1137 3086 1627 3173 comprobatum
1662 3085 1937 3159 videtur,
1988 3084 2251 3148 Atilium
2284 3076 2456 3142 haud
2485 3076 2598 3136 im-

283 3215 506 3281 parem
552 3193 751 3258 fuisse
798 3194 1154 3259 excitandis
1201 3192 1557 3267 affectibus,
1606 3191 1782 3275 quod
1816 3190 2028 3253 Varro
2072 3190 2114 3250 l.
2147 3208 2196 3249 c.
2241 3183 2478 3245 diserte
2507 3179 2600 3242 di-

282 3300 406 3377 cit3
453 3299 555 3364 cui
600 3300 689 3363 rei
737 3300 899 3364 bene
940 3299 1289 3386 respondet
1333 3297 1554 3363 fabula
1598 3298 1733 3381 ejus
1775 3293 2132 3376 ,11:0021521175,
2168 3310 2331 3372 quae
2360 3288 2599 3349 natura

282 3404 648 3492 argumenti
695 3405 866 3471 haud
898 3429 1046 3469 raro
1095 3406 1492 3470 occasionem
1518 3403 1600 3467 ad
1632 3404 1827 3465 risum
1862 3398 2302 3482 spectatorum
2337 3395 2599 3488 captan-

283 3512 436 3576 dum
472 3511 791 3598 praebuit.
860 3510 989 3576 Sed
1034 3512 1409 3597 priusquam
1444 3510 1695 3597 planius
1728 3504 2140 3587 inquiramus,
2190 3497 2421 3583 quibus
2455 3516 2601 3560 cau-

284 3618 370 3682 sis
418 3624 749 3703 permotus
798 3616 1128 3704 Sedigitas
1173 3617 1342 3681 hunc
1386 3616 1597 3679 locum
1646 3613 1701 3675 ei
1747 3607 2149 3682 concesserit,
2211 3603 2294 3667 ad
2339 3604 2597 3667 sext-um

283 3724 542 3787 canonis
586 3729 845 3810 poetam
893 3729 1294 3787 transeamus
1338 3740 1594 3785 necesse
1638 3720 1755 3780 est.

1073 3966 1147 4032 6.
1216 3931 1808 4028 Terentius.

282 4083 579 4200 Maxime
623 4151 877 4215 semper
920 4129 1043 4193 viri
1088 4126 1262 4192 docti
1306 4125 1521 4189 mirati
1567 4127 1752 4198 sunt,
1820 4119 2230 4191 Terentium,
2294 4131 2606 4195 magnum

282 4236 463 4301 illum
511 4236 824 4301 comicum
868 4234 1160 4308 latinum,
1207 4254 1395 4317 quem
1443 4234 1694 4295 veteres
1743 4226 1960 4291 multis
1992 4221 2365 4289 extulerunt
2405 4214 2611 4281 laudi-
