2946 4761
1431 228 1510 317 34

301 417 496 496 atque
542 413 717 496 quod
764 436 869 476 ars
915 415 1207 478 cernitur
1259 414 1605 479 verborum
1669 418 2154 499 metrorumque
2196 417 2537 504 elegantia!
2562 425 2631 483 et

302 520 736 605 praestantia,
806 518 1061 583 fabulae
1121 522 1432 585 concinna
1475 520 1934 605 dispositione,
1997 521 2325 606 praeclara
2371 546 2626 586 morum

288 625 767 710 descriptione,
826 624 1022 711 (quae
1069 626 1148 690 de
1206 626 1514 690 Terentio
1573 625 1834 688 laudata
1893 630 2185 690 veterum
2244 629 2629 692 testimoniis

302 735 534 817 postea
575 729 988 819 videbimuS‚)
1036 733 1321 817 gravitas
1367 735 1468 795 est
1519 731 1881 816 proprietas
1915 732 2222 795 materiae
2253 734 2346 795 ita
2390 731 2631 797 electae

303 838 371 899 e't
415 836 788 910 instructae,
836 841 910 899 ut
940 836 1213 901 lectores
1247 838 1343 901 vel
1384 842 1783 923 spectatores
1815 858 1932 900 suo
1966 837 2272 922 pondere,
2319 842 2394 901 ut
2425 839 2627 907 aiunt,

305 942 546 1005 medias
588 942 801 1027 rapiat
845 942 910 1005 in
956 966 1080 1007 res.
1173 944 1318 1008 Hac
1364 944 1443 1006 de
1476 943 2009 1029 interpretatione
2052 941 2243 1026 hujus
2275 942 2396 1005 loci
2428 963 2630 1026 quum
2699 972 2703 976 Δ

302 1070 523 1111 omnes
568 1047 830 1111 Horatii
875 1049 1263 1134 interpretes
1307 1049 1493 1112 nobis
1538 1050 1992 1123 assentiantur,
2040 1070 2165 1113 non
2211 1051 2329 1122 est,
2375 1070 2493 1111 cur
2534 1046 2631 1110 fu-

302 1153 435 1216 sius
483 1152 565 1216 de
606 1152 728 1217 hac
775 1177 844 1217 re
888 1176 1196 1237 agamus3
1254 1156 1555 1219 firmatur
1615 1160 1830 1218 autem
1879 1153 2035 1217 haec
2082 1153 2378 1218 vocabuli
2424 1153 2631 1238 gravi»

305 1258 463 1321 tatis
510 1259 604 1321 vis
647 1263 873 1322 nostro
921 1259 1059 1323 loco
1105 1282 1182 1324 eo
1230 1262 1606 1346 praecipue,
1669 1259 1844 1343 quod
1890 1264 1957 1322 et
1993 1260 2128 1343 jam
2175 1264 2364 1322 antea
2412 1256 2632 1323 Caeci-

304 1364 461 1427 lium
520 1365 919 1449 argumentis
977 1370 1042 1429 et
1105 1363 1374 1428 πάθεόιν
1434 1365 1808 1429 excelluisse
1866 1366 2286 1450 cognovimus
2342 1358 2412 1427 et¹
2455 1363 2630 1447 quod

305 1468 537 1534 Cicero
599 1470 766 1534 hanc
818 1472 1238 1556 gravitatem,
1295 1493 1487 1553 quam
1548 1477 1614 1534 et
1675 1471 2043 1535 oratoribus
2102 1471 2309 1534 inesse
2352 1470 2518 1547 vult,
2566 1471 2630 1533 in

303 1598 382 1640 eo
446 1577 795 1641 consistere
860 1578 1086 1645 docet.
1158 1582 1231 1639 ut
1297 1577 1698 1640 audientium
1767 1576 2013 1640 animos
2080 1580 2498 1662 permoveant
2564 1583 2630 1639 et

273 1703 521 1747 ‚secum
569 1680 852 1744 trahant.
934 1680 1036 1745 Cf.
1077 1680 1213 1746 Cic.
1246 1682 1433 1745 Brut.
1469 1688 1589 1756 88;
1636 1679 1824 1747 Orat.
1857 1686 1908 1754 I,
1944 1688 2046 1746 53.

485 1785 758 1871 Sedigiti
807 1788 886 1850 de
935 1785 1217 1852 Caecilio
1253 1787 1598 1871 judicium:

572 1891 902 1966 „Caecilio
946 1893 1226 1977 palmam
1276 1892 1493 1957 Statio
1540 1893 1624 1956 do
1672 1894 1977 1957 mimico“

308 2020 500 2081 quam
553 1997 756 2060 simile
802 1999 888 2060 sit
922 1998 1171 2081 judicio
1219 1999 1534 2063 Varronis
1579 1999 1751 2084 apud
1799 1997 1966 2062 Non.
2001 2007 2129 2063 374
2175 1997 2363 2064 facile
2405 1998 2632 2062 intelli-

306 2122 420 2188 gas
467 2108 533 2166 et
577 2102 769 2167 liceat
814 2102 1086 2167 forsitan
1132 2104 1465 2188 conjicere,
1516 2103 1794 2189 Sedigiti
1828 2105 2270 2169 testimonium
2303 2108 2453 2168 ante
2483 2127 2630 2169 ocu-

304 2208 402 2271 los
434 2208 714 2272 Varroni
747 2215 1072 2272 versatum
1104 2208 1319 2273 fuisse.
1354 2208 1493 2296 (Cf.
1528 2232 1590 2295 p.
1634 2209 1765 2297 18.)
1835 2208 1964 2274 Sed
1997 2214 2150 2274 utut
2182 2233 2284 2273 res
2315 2232 2385 2274 se
2415 2210 2632 2284 habet,

308 2318 659 2398 utrumque
705 2316 914 2378 virum
957 2317 1126 2378 idem
1175 2317 1255 2379 de
1299 2314 1585 2380 Caecilio
1631 2316 1869 2379 sentire
1913 2322 1978 2382 et
2014 2315 2307 2401 judicare
2336 2315 2521 2379 facile
2566 2316 2632 2379 in

309 2419 603 2485 confesso
649 2423 805 2498 erit3
855 2422 1186 2508 Sedigitus
1233 2427 1451 2485 autem
1501 2445 1597 2498 eo,
1646 2423 1820 2507 quod
1867 2422 2052 2487 addit
2097 2423 2440 2498 „mimico“
2474 2421 2633 2486 Var-

308 2527 484 2590 ronis
536 2527 850 2611 judicium
914 2529 1278 2593 accuratius
1334 2529 1644 2614 explicat,
1709 2533 1775 2592 et
1825 2529 1959 2612 jam
2023 2529 2457 2611 quaerendum
2510 2532 2631 2601 est,

307 2654 461 2696 num
509 2637 662 2718 apte
707 2639 773 2697 et
822 2635 1054 2698 merito
1098 2635 1353 2698 dicatur
1402 2633 1720 2699 Caecilius
1768 2635 2076 2700 mimicus

484 2738 730 2803 Mimus
779 2741 990 2804 dictus
1036 2763 1075 2803 a
1120 2738 1375 2804 Graeco
1420 2746 1750 2820 μιμεῖσθαι
1784 2744 1849 2803 et
1891 2742 2151 2820 μίμησις
2182 2762 2261 2802 eo
2294 2739 2635 2824 praecipue

308 2845 575 2920 nititur,
654 2851 727 2909 ut
793 2868 987 2930 quam
1058 2847 1536 2938 accuratissime
1605 2845 1935 2909 hominum
1997 2867 2355 2919 sermones,
2429 2849 2633 2919 actus,

306 2954 531 3034 gestus
575 2973 813 3035 eosque
859 2952 1170 3039 inprimis,
1217 2953 1327 3035 qui
1370 2951 1626 3016 ridiculi
1673 2953 1973 3016 videntur
2019 2957 2085 3015 et
2116 2950 2452 3026 habentur,
2498 2951 2635 3014 imi-

307 3061 486 3120 tetur
531 3057 612 3119 ad
658 3057 986 3121 hominum
1034 3058 1427 3144 captandum
1476 3059 1697 3121 risum.
1776 3057 1969 3122 Unde
2013 3058 2072 3120 ei
2109 3056 2465 3142 permultas
2509 3077 2633 3131 res,

311 3163 550 3248 quippe
596 3186 759 3246 quae
808 3163 1217 3228 delectationi
1264 3170 1454 3251 aptae
1494 3162 1905 3239 haberentur,
1953 3165 2226 3227 insertas
2258 3163 2631 3236 invenimus,

300 3269 402 3342 ita
447 3274 521 3332 ut
569 3266 764 3333 Ovid.
798 3269 996 3336 Trist.
1029 3275 1115 3344 Π,
1145 3277 1273 3335 497
1325 3271 1555 3333 mimos
1587 3270 1873 3335 nominet
1915 3268 2275 3344 „obscoena
2297 3268 2632 3352 jocantes“

310 3379 377 3437 et
436 3374 590 3441 ibid.
641 3382 806 3440 513:
868 3377 1238 3450 „imitantes
1300 3377 1586 3462 turpia.“
1680 3373 1787 3439 Cf.
1837 3375 2049 3439 Valer.
2098 3374 2280 3439 Max.
2329 3378 2413 3448 H,
2462 3381 2523 3450 6,
2573 3382 2631 3437 7.

307 3479 611 3545 Diomed.
638 3487 719 3556 H,
752 3505 812 3567 p.
840 3489 1006 3558 4883
1042 3480 1269 3561 Quint.
1299 3483 1457 3546 inst.
1495 3486 1662 3546 orat.
1687 3486 1791 3555 VI,
1824 3488 1883 3556 3,
1919 3487 1984 3555 83
2017 3480 2062 3552 J
2068 3503 2158 3543 os.
2185 3480 2414 3565 Lydus
2444 3485 2505 3566 1,
2526 3487 2632 3543 41.

485 3587 666 3651 Finis
744 3588 946 3672 igitur
1007 3589 1183 3651 mimi
1220 3635 1223 3638 >
1260 3611 1458 3673 quum
1528 3592 1730 3662 esset,
1798 3591 1874 3650 ut
1939 3586 2140 3649 risum
2219 3589 2634 3670 extorqueret

309 3692 822 3778 spectatoribuS,
884 3693 1112 3780 (quare
1154 3716 1498 3779 personae,
1546 3715 1710 3776 quae
1771 3693 2034 3755 mimum
2087 3693 2395 3778 agebant,
2442 3714 2633 3777 saepe

307 3802 712 3879 γελωτοποιοί
751 3799 1215 3888 nominantur,)
1261 3800 1347 3863 ad
1388 3801 1515 3863 vim
1555 3799 1918 3884 augendam
1966 3821 2067 3863 res
2114 3822 2307 3883 quam
2355 3798 2636 3861 maxime

307 3903 613 3969 ridiculae
660 3911 1196 3992 proponerentur,
1245 3907 1408 3969 adeo
1455 3904 1807 3969 deformius
1847 3906 2346 3991 depingerentur
2377 3925 2634 3969 necesse

301 4011 471 4085 erat,
517 4012 690 4094 quod
739 4017 805 4075 et
848 4010 986 4076 Cic.
1022 4012 1103 4075 de
1133 4015 1415 4083 orat.'II,
1449 4017 1532 4075 59
1574 4011 1845 4075 indicat:
1893 4010 2293 4086 „Mimornm
2327 4015 2426 4074 est
2458 4010 2634 4074 etho-

296 4112 640 4200 logorum,
688 4119 742 4181 si
787 4118 985 4182 nimia
1033 4121 1134 4180 est
1181 4117 1526 4180 imitatio.“
1614 4119 2090 4202 Argumentum
2138 4118 2327 4202 hujus
2372 4117 2509 4181 ludi
2552 4117 2633 4181 de

306 4221 444 4285 vita
503 4223 753 4310 vulgari
818 4224 1233 4312 desumptum
1295 4227 1454 4286 erat.
1547 4223 1831 4288 Evanth.
1901 4224 2134 4309 fragm.
2205 4224 2286 4286 de
2340 4228 2508 4309 trag.
2564 4227 2632 4286 et
