2946 4761
205 445 381 511 dicta
424 449 598 521 sunt,
646 444 760 509 sed
807 443 1248 528 quaestionem
1294 443 1629 528 aliquanto
1673 443 1973 509 subtilius
2022 465 2166 510 eum
2214 436 2533 511 tractasse

203 573 415 635 neque
459 574 597 615 rem
641 549 997 614 absolvisse
1039 539 1170 615 non
1214 571 1561 635 possumus
1608 550 1760 634 quin
1808 554 2132 636 putemus.
2204 549 2309 616 Cf.
2342 551 2534 616 Teuf-
2593 566 2600 573 ’

203 655 311 731 fel,
357 656 536 721 Mus.
567 655 748 720 rhen.
782 661 956 718 VIII.
991 679 1051 742 p.
1091 662 1195 720 26.
1279 654 1586 739 Accedit,
1647 655 1823 739 quod
1883 656 2297 740 antiquorum
2358 658 2535 721 testi-

208 761 420 827 monia
464 762 545 826 de
589 762 849 827 canonis
897 762 1105 848 poetis
1148 761 1337 824 nimis
1382 760 1675 845 neglecta
1721 765 1894 832 sunt,
1944 783 2107 845 quae
2152 762 2287 826 sine
2333 762 2531 828 dubio

204 869 540 955 permagni
585 873 934 954 propterea
963 871 1114 932 sunt
1159 865 1471 941 habenda,
1522 866 1822 950 quoniam
1855 866 1936 929 de
1968 867 2104 931 vita
2148 869 2532 954 scriptisque

203 973 629 1060 plurimorum
694 994 1019 1058 perpauca
1077 976 1332 1036 tantum
1395 976 1678 1047 restant,
1740 994 1820 1035 ex
1883 971 2117 1055 quibus
2173 973 2254 1036 de
2308 995 2527 1038 eorum

205 1078 419 1167 poesis
465 1081 699 1147 natura
744 1083 811 1142 et
842 1077 1054 1141 indole
1075 1076 1350 1161 judicari
1385 1076 1491 1140 vix
1524 1097 1734 1163 posse,
1774 1075 1972 1142 facile'
1992 1078 2262 1163 quisque
2291 1079 2528 1145 videat.

378 1185 518 1250 Nos
562 1208 716 1250 vero
761 1182 1252 1247 fundamentum
1301 1182 1544 1246 ordinis
1591 1183 2020 1259 comicorum,
2065 1206 2255 1268 quem
2301 1185 2529 1251 Volca-

202 1293 335 1357 tius
403 1291 737 1375 Sedigitas
791 1289 914 1354 hoc
974 1290 1039 1352 in
1084 1309 1326 1352 canone
1370 1288 1747 1363 constituit,
1818 1289 1881 1353 in
1928 1289 2358 1355 concitatione
2414 1299 2527 1354 τοῦ

203 1398 456 1471 πάθους
513 1397 614 1462 vel
674 1396 1019 1462 affectuum
1084 1393 1366 1481 positum
1421 1415 1787 1470 censemus,
1832 1394 1927 1458 ita
1972 1395 2265 1479 quidem,
2320 1400 2394 1460 ut
2437 1395 2524 1460 illi

203 1502 449 1578 comici,
498 1524 772 1586 quorum
821 1499 1188 1565 comoediae
1239 1499 1338 1563 his
1381 1500 1860 1564 commovendis
1920 1501 2201 1588 insignes
2247 1501 2528 1566 videren-

202 1615 312 1673 tur
366 1631 570 1692 eoque
631 1606 936 1682 consilio,
993 1611 1068 1670 ut
1128 1606 1376 1669 animos
1437 1611 1884 1693 spectatorum
1938 1613 2419 1687 commoverent
2463 1613 2529 1672 et

203 1719 521 1789 tenerent,
584 1713 879 1793 conditae
934 1717 1182 1788 essent,
1245 1713 1509 1788 ceteris,
1574 1713 1807 1797 quibus
1852 1711 2015 1776 alius
2062 1718 2232 1777 esset
2271 1714 2414 1778 finis
2461 1714 2525 1777 in

204 1819 679 1885 conscribendis
722 1817 977 1893 fabulis,
1024 1817 1148 1881 hoc
1193 1840 1438 1885 canone
1496 1819 1963 1904 praeferuntur.
2040 1815 2267 1902 Neque
2312 1842 2527 1903 quem-

204 1947 395 2010 quam
443 1923 585 1989 fore
615 1945 969 2010 sper-amne,
1018 1924 1128 2007 qui
1172 1923 1335 1988 hanc
1382 1925 1696 1988 rationem
1733 1923 2007 2010 Sedigiti
2048 1925 2424 2000 admiretur,
2474 1926 2526 1989 si

200 2030 359 2095 illud
406 2029 616 2102 πάθος
659 2034 726 2093 et
771 2030 944 2112 quod
991 2030 1045 2093 ei
1096 2029 1447 2115 opponitur
1494 2029 1565 2092 τὸ
1613 2023 1778 2113 ἦθος
1833 2031 1897 2094 in
1945 2031 2116 2094 omni
2163 2028 2526 2094 litterarum

201 2137 568 2220 artiumque
612 2156 845 2220 genere
889 2139 1203 2218 quantum
1239 2135 1536 2210 valuerit,
1583 2135 1948 2200 consideret
1992 2136 2087 2199 ita
2131 2134 2411 2219 quidem,
2454 2141 2528 2199 ut

203 2242 418 2307 omnia
461 2244 659 2327 opera
704 2261 780 2303 ex
828 2262 924 2315 e0,
973 2241 1148 2324 quod
1194 2237 1291 2304 vel
1342 2239 1411 2302 τὸ
1458 2233 1621 2322 ἦθος
1658 2240 1757 2304 vel
1808 2239 1879 2302 τὸ
1929 2238 2143 2314 πάθος
2189 2242 2529 2327 praecipue

203 2369 507 2435 expressa
550 2346 860 2421 habeant,
908 2344 1105 2429 ἠθικά
1151 2345 1248 2410 vel
1297 2343 1617 2428 παθητικά
1679 2345 1801 2410 dici
1852 2347 2123 2433 possint.
2202 2343 2527 2431 Quodque

202 2455 388 2520 nobis
435 2452 794 2539 gravissimi
844 2453 1152 2517 momenti
1210 2453 1273 2515 in
1320 2451 1437 2516 hac
1493 2455 1717 2515 nostra
1762 2451 2203 2537 disputatione
2247 2452 2525 2530 videtur,

102 2629 107 2634 ,
205 2563 417 2627 Varro
463 2564 632 2623 teste
678 2557 976 2623 Cha-risio
1008 2563 1092 2634 II,
1126 2565 1250 2622 215
1299 2558 1463 2621 inter
1516 2556 1793 2620 comicos
1839 2556 2075 2621 latinos
2110 2558 2280 2622 idem
2311 2558 2527 2624 discri-

204 2690 348 2731 men
410 2664 643 2729 statuit
704 2659 940 2748 eosque
999 2666 1060 2728 in
1122 2664 1284 2727 duas
1346 2669 1564 2749 partes
1625 2662 1879 2738 divisit,
1945 2685 2217 2746 quarum
2279 2687 2409 2728 una
2455 2663 2522 2727 τὸ

199 2765 398 2854 ἦθος,
463 2770 668 2834 altera
729 2768 800 2833 τὸ
862 2768 1072 2844 πάθος
1134 2769 1484 2834 exhiberet.
1561 2768 1708 2832 Hac
1764 2768 1846 2832 de
1904 2791 1975 2832 re
2019 2769 2224 2833 fusius
2270 2769 2526 2834 disserit

201 2875 287 2942 O.
333 2876 641 2943 Jahnius:
680 2875 993 2940 'Berichte
1039 2875 1172 2939 und
1203 2865 1740 2960 Verban'dlungen
1789 2875 1902 2938 der
1948 2875 2351 2940 sachsischen
2400 2874 2524 2940 Ge-

200 2981 524 3047 sellschaft
557 2982 672 3045 der
708 2980 1280 3046 wissenschaften,
1334 2987 1524 3045 1850.
1571 2985 1654 3055 II,
1702 3003 1764 3066 p.
1803 2988 1949 3045 107.

378 3086 510 3153 Sed
553 3088 690 3172 jam
752 3088 816 3151 in
875 3088 1005 3151 vim
1067 3091 1134 3150 et
1188 3108 1377 3150 usum
1437 3092 1548 3147 τοῦ
1592 3084 1797 3168 ἤθους
1842 3090 1909 3150 et
1958 3094 2070 3149 τοῦ
2117 3086 2399 3160 πάθους,
2457 3084 2520 3147 in

199 3194 433 3279 quibus
481 3199 626 3258 tota
674 3197 898 3257 nostra
943 3191 1299 3277 disputatio
1345 3190 1620 3255 fundata
1664 3196 1782 3263 est,
1829 3191 2201 3277 diligentius
2249 3191 2522 3273 inquira-

198 3304 307 3366 tur
352 3322 608 3365 necesse
656 3304 775 3374 est,
825 3302 890 3362 et
936 3319 1064 3380 quo
1111 3298 1388 3361 tutiores
1420 3297 1584 3362 hanc
1627 3296 2058 3380 inquisitionis
2101 3296 2268 3359 viam
2316 3297 2520 3382 ingre-

199 3406 477 3482 diamur,
521 3405 605 3469 ad
651 3405 950 3487 antiquos
995 3402 1205 3468 fontes
1251 3426 1677 3467 recurramus.

1286 3580 1340 3662 §·
1389 3587 1450 3642 4.

377 3706 655 3769 Arist-ot.
686 3704 876 3769 Poet.
909 3708 1015 3780 VI,
1066 3713 1101 3769 7
1158 3694 1324 3785 ἦθος
1378 3709 1444 3768 et
1478 3700 1757 3763 διάνοιαν
1788 3700 2085 3786 proprias
2131 3702 2208 3764 iis
2253 3702 2364 3777 ait,
2412 3701 2520 3785 qui

201 3811 443 3895 aliquid
485 3809 766 3885 faciunt,
814 3812 954 3873 tum
1001 3809 1248 3895 pergit:
1319 3808 1477 3885 „dade
1523 3804 1642 3888 γὰρ
1690 3803 1932 3870 τούτων
1972 3808 2068 3868 καὶ
2118 3805 2231 3881 τὰς
2277 3807 2524 3890 πράξεις

201 3914 361 3982 εἶναι’
400 3942 604 4000 φαμεν
652 3912 834 3987 ποιάς
867 3923 1108 3991 τινας“,
1159 3920 1299 3978 tum
1341 3915 1396 3996 ξ.
1432 3918 1509 3976 8:
1557 3909 1687 3987 „td
1734 3911 1800 3972 δὲ
1833 3908 1987 3993 ἤθη,
2038 3910 2181 3974 καθ’
2219 3910 2258 3974 ἃ
2306 3912 2523 3985 ποιούς

199 4046 373 4095 τινας
402 4017 562 4084 εἶναι’
587 4045 794 4104 φαμεν
823 4017 973 4087 τοὺς
1004 4018 1469 4099 πράττοντας,“
1514 4020 1581 4081 et
1621 4017 1675 4099 ξ.
1713 4023 1831 4081 24:
1864 4010 2082 4099 ,,ἦθος
2115 4016 2184 4079 τὸ
2213 4024 2518 4093 τοιοῦτον,

203 4124 235 4188 ὃ
283 4129 470 4208 δηλοῖ
508 4124 620 4207 τὴν
665 4126 1042 4205 προαίρεσιν,
1094 4119 1276 4185 ὁποία
1329 4131 1493 4196 τις.“
1545 4161 1621 4170 -—
2463 4125 2464 4128 ¹

375 4232 492 4295 Ait
535 4253 690 4315 ergo
736 4228 1122 4294 Aristoteles
1171 4226 1239 4291 τὸ
1300 4222 1462 4311 ἦθος
1517 4229 1799 4294 indicare
1858 4227 2259 4304 institutum,
2305 4229 2522 4294 volun-
