2946 4761
1382 318 1409 321 ,,
1432 230 1580 323 ἓὲὼ

314 443 498 485 suum
545 419 924 505 pronuntiat
953 419 1401 501 timoremque,
1447 438 1529 481 ne
1559 415 1951 501 repudietur.
2031 412 2437 496 Simulatque
2480 434 2633 477 vero

315 526 596 590 militem
640 525 949 611 adspicit,
1013 521 1388 596 collabitur,
1454 544 1583 606 quo
1629 521 1739 595 fit,
1799 525 1875 584 ut
1920 519 2453 606 Pyrgopolinices
2496 519 2635 604 ipse

313 634 453 716 ejus
495 633 757 695 domum
804 632 1046 694 intrare
1078 628 1448 694 constituat.
1527 628 1796 692 Interim
1838 625 2185 691 Pleusicles
2221 647 2318 688 sc.
2356 632 2390 689 7
2437 625 2631 697 venit,

312 737 976 803 utssPhiloeomasium
1037 733 1120 797 ad
1180 755 1409 798 navem
1471 733 1703 804 ducat,
1765 738 1831 796 et
1876 754 1962 798 sc.
1998 737 2037 795 8
2086 730 2631 797 Philocomasium

312 846 527 908 animo
571 843 738 907 flexo
782 847 849 906 et
893 841 1115 905 fracto
1151 864 1189 903 a
1226 839 1727 925 Pyrgopolinice
1774 837 2066 912 discedit,
2115 838 2238 920 qui
2265 837 2407 922 ‘ipse
2454 836 2635 900 vehe-

312 949 706 1014 mentissime
748 950 1192 1011 commovetur
1235 951 1304 1009 et
1346 944 1878 1018 Palaestrionem,
1929 966 1968 1006 a
2011 966 2142 1026 quo
2185 944 2325 1029 ipso
2367 942 2635 1007 insidiae

313 1056 370 1118 ei
433 1058 617 1118 erant
678 1057 994 1127 structae,
1041 1051 1342 1115 libertate
1389 1049 1580 1125 data,
1634 1051 1699 1114 in
1746 1049 2031 1114 discessu
2069 1049 2514 1114 lacrimantem
2563 1052 2634 1113 et

313 1164 683 1244 querentem
729 1182 789 1226 v,
829 1165 1031 1224 1343:
1078 1156 1292 1233 ‚,Heu‚
1340 1156 1464 1220 heu
1510 1178 1759 1239 nequeo
1805 1155 1957 1238 quin
2000 1154 2206 1230 fleam,

400 1326 403 1329 ,
758 1270 762 1275 ’
1122 1260 1346 1341 Quum
1391 1261 1507 1326 abs
1556 1261 1669 1325 ted
1713 1260 2006 1325 abeam.“

311 1370 480 1435 bono
527 1373 593 1434 et
639 1388 845 1452 aequo
889 1369 1104 1432 animo
1149 1389 1287 1432 esse
1324 1366 1535 1450 jubet.

485 1476 648 1541 Post
693 1476 1043 1539 discessum
1089 1474 1291 1558 igitur
1335 1472 1795 1539 Philocomasii
1852 1476 1918 1536 et
1964 1471 2426 1538 Palaestrionis
2473 1494 2634 1558 puer

308 1583 482 1646 venit
534 1603 621 1646 sc.
655 1587 694 1645 8
746 1579 827 1644 ab
873 1579 1315 1645 Acroteleutio
1370 1580 1641 1656 missus,
1686 1581 1764 1642 ut
1808 1578 2371 1669 Pyrgopolinicem
2434 1579 2632 1643 adse

309 1687 607 1751 adducat.
679 1683 809 1751 Sed
854 1709 895 1748 o
942 1683 1338 1751 dementem!
1397 1707 1436 1749 o
1486 1683 1817 1748 miserum!
1879 1685 2440 1770 Periplecomenus
2485 1706 2629 1748 cum

311 1790 590 1858 Carione
636 1796 702 1854 et
746 1791 1036 1855 Lot-ariis
1073 1791 1207 1874 jam
1265 1791 1375 1855 diu
1438 1793 1774 1876 exspectat
1819 1789 2142 1854 hominem
2206 1789 2383 1859 illum
2445 1790 2627 1855 scele-

307 1902 514 1963 stum:
563 1896 913 1981 corripitur
945 1896 1389 1980 omnibusque,
1425 1917 1591 1979 quae
1621 1901 1939 1982 sperarat,
1984 1896 2342 1960 destitutus
2372 1896 2633 1981 indigne

304 2003 591 2090 vapulat,
641 2002 868 2067 misere
913 2002 1224 2070 lacrimat.
1360 2016 1363 2019 ’
1761 2062 1768 2063 ff

485 2107 559 2173 Si
616 2107 819 2193 igitur
874 2107 957 2172 ad
1018 2128 1127 2182 ea,
1188 2128 1351 2190 quae
1402 2105 1689 2171 breviter
1733 2107 2184 2193 exposuimus,
2230 2107 2631 2192 respicimus,

305 2214 453 2279 huic
513 2214 789 2300 primum
849 2211 1106 2277 fabulae
1169 2212 1404 2277 multas
1454 2234 1554 2276 res
1597 2213 1872 2276 insertas
1917 2233 2055 2276 esse
2098 2211 2419 2289 videmus,
2466 2222 2633 2297 quae

305 2342 433 2386 non
478 2324 612 2384 tam
661 2318 743 2383 ad
790 2319 1285 2405 descriptionem
1333 2328 1616 2392 morum,
1665 2339 1859 2402 quam
1903 2317 1986 2380 ad
2032 2316 2514 2384 delectationem
2564 2323 2633 2385 et

305 2427 798 2492 commotionem
847 2426 1191 2493 affectuum
1224 2425 1520 2511 inprimis
1551 2423 1731 2489 rudis
1774 2424 2202 2494 multitudinis
2232 2430 2424 2511 aptae
2453 2429 2629 2489 sunt.

303 2532 471 2597 Nam
521 2533 699 2598 miles
742 2532 849 2597 ille
910 2535 1156 2615 quanta
1201 2531 1570 2596 temeritate
1614 2535 1681 2595 et
1725 2531 2016 2594 vanitate
2060 2533 2630 2616 turget‚.quantae

304 2637 585 2722 ineptiae
614 2638 686 2701 in
749 2638 887 2721 ejus
945 2642 1013 2701 et
1056 2638 1270 2703 verbis
1316 2642 1381 2702 et
1423 2635 1642 2701 factis!
1701 2635 1940 2716 ¹Quam
1982 2636 2326 2709 ridiculus,
2373 2657 2633 2720 quaqua

305 2747 577 2827 apparet
622 2747 689 2805 et
733 2741 1056 2825 loquitur!
1134 2744 1355 2825 Atque
1413 2741 1777 2806 Palaestrio
1810 2741 2027 2807 <dictis
2084 2747 2151 2807 et
2201 2740 2393 2806 rebus
2438 2743 2628 2807 comi-

304 2847 403 2911 cis
433 2850 747 2929 quantum
792 2846 1075 2910 delectat
1117 2845 1481 2910 auditoresl
1560 2844 1775 2925 Quam
1823 2846 2088 2911 ridicule
2132 2847 2378 2924 luditur
2422 2846 2629 2912 Scele-

304 2952 489 3016 drus!
569 2950 784 3031 Quam
850 2952 1180 3037 ingeniose
1245 2955 1311 3015 ct
1369 2951 1585 3037 lapide
1648 2951 1895 3016 fallitur
1954 2952 2485 3038 Pyrgopolinices
2544 2953 2628 3019 ab

300 3056 780 3124 Acroteleutiol
858 3058 1078 3141 Atque
1125 3057 1416 3142 inprimis
1463 3059 1527 3121 in
1578 3058 1757 3123 exitu
1795 3056 2053 3123 fabulae
2097 3062 2403 3142 quant-am
2436 3058 2646 3128 affert,

303 3163 791 3228 delectationem
851 3168 918 3227 et
976 3162 1285 3247 gaudium
1350 3162 1528 3228 miles
1580 3161 1922 3248 vapulans!
2001 3156 2126 3229 His
2171 3156 2385 3228 autem
2433 3166 2627 3231 rebus

301 3268 468 3336 hanc
494 3270 912 3334 ⁴comoediam
957 3291 1085 3335 non
1134 3267 1357 3333 subtili
1401 3287 1635 3355 genere
1688 3269 2162 3336 comoediarum
2211 3271 2625 3336 adnumeran-

303 3374 476 3448 dam,
522 3374 638 3439 sed
683 3397 824 3440 eam
872 3375 1141 3461 propius
1188 3375 1490 3440 accedere
1534 3376 1618 3440 ad
1650 3395 1853 3461 genus
1884 3375 2118 3441 levium
2149 3374 2401 3440 illarum
2448 3375 2628 3441 fabu-

300 3471 507 3544 larum
556 3485 877 3564 putemus,
925 3503 1197 3564 quarum
1245 3484 1373 3556 est,
1432 3482 1641 3546 minus
1687 3481 2034 3547 observata
2077 3486 2217 3546 arte
2259 3486 2327 3546 et
2370 3505 2622 3547 morum

303 3584 769 3669 descriptione,
826 3585 1202 3651 scurrilibus
1260 3590 1326 3650 et
1383 3586 1645 3652 ludicris
1707 3588 1900 3652 dictis
1955 3591 2024 3651 et
2065 3586 2259 3652 rebus
2303 3587 2625 3653 delectare

301 3694 742 3776 spectatorum
789 3690 1047 3756 rudium
1095 3713 1284 3756 aures
1328 3696 1395 3756 et
1424 3692 1698 3758 oculosc
1744 3691 1844 3757 Ne
1890 3692 2162 3777 denique
2188 3693 2496 3758 Tdioamu‘s
2542 3694 2644 3758 de-

292 3795 463 3878 jo‘cis'
503 3801 569 3860 et
614 3796 926 3870 dicteriis,
983 3795 1220 3879 quibus
1260 3799 1635 3883 saepissime
1691 3799 1885 3863 animi
1930 3799 2368 3873 concitantur,
2424 3800 2624 3865 consi·

302 3900 599 3965 derantes
642 3899 898 3965 fabulae
943 3901 1429 3987 dispositionem
1476 3905 1791 3970 neminem
1841 3903 2043 3991 fuisse
2091 3905 2176 3968 in·
2203 3927 2397 3970 cavea
2442 3909 2624 3991 puta-

303 4028 478 4079 mus,
540 4006 695 4090 quin
737 4028 990 4070 summa
1034 4009 1392 4074 attentione
1454 4010 1648 4076 animi
1695 4010 1775 4075 ab
1821 4032 1950 4074 uno
1999 4014 2149 4079 actu
2196 4010 2280 4073 ad
2324 4011 2618 4079 alterum,

301 4110 383 4175 ab
428 4133 556 4176 una
601 4133 788 4176 scena
834 4111 913 4175 ad
963 4111 1227 4176 alteram
1273 4114 1639 4191 festinaret,
1686 4116 1840 4199 quin
1883 4116 1946 4179 vi
1990 4098 2234 4182 comica
2279 4117 2623 4182 concitare-

298 4222 463 4291 tur,
505 4217 660 4300 quin
723 4216 916 4282 modo
972 4216 1311 4283 affectibus
1370 4220 1503 4286 odii
1560 4220 2146 4305 indignationisque
2177 4222 2268 4288 ,in
2323 4222 2619 4297 stultum,
