2946 4761
1464 252 1550 310 '2¹1

1292 340 1411 347 ———

344 446 426 510 de
469 443 660 509 rebus
703 444 834 507 suis
878 430 1354 506 incredibilibus
1402 439 1571 505 bello
1629 434 1830 526 gestis
1874 435 2224 525 gloriatur,
2285 437 2437 501 dum
2483 426 2670 522 parass

344 551 507 614 situs
552 568 788 614 coenae
841 547 1112 634 cupidus
1171 544 1379 633 (v.'32
1422 547 1573 611 edit.
1623 540 1961 633 Ritschel.)
2022 544 2157 628 ejus
2205 543 2550 606 amentiam
2599 545 2670 606 et

345 657 691 719 vanitatem
745 654 1008 737 adjuvat
1054 673 1563 715 commemorans
1610 651 1690 714 ab
1721 650 1878 714 hero
1921 649 2421 734 totas-legiones
2467 646 2667 710 diffla-

343 766 446 825 tas
502 760 732 847 spiritu
797 757 882 845 (v.
930 757 1070 845 17);
1130 762 1381 844 septem
1443 755 1644 820 millia
1695 756 2023 819 hominum
2070 777 2200 818 uno
2245 753 2350 817 die
2396 749 2484 816 ab*
2523 753 2668 838 ipso

346 867 626 941 occisos3
688 886 748 928 v.
784 871 1101 939 42—-463
1151 869 1251 931 52.
1299 900 1389 909 —
1449 861 1677 946 Neque
1737 860 1942 924 solum
1994 858 2435 922 fortitudinem
2484 870 2667 925 suam‘

336 974 546 1057 jactat
594 970 804 1043 miles,
871 969 982 1037 sed
1040 971 1239 1033 etiam
1300 952 1701 1031 ex3m3'a‘sua
1749 965 2224 1052 pulchritudine
2269 984 2489 1027 omnes
2539 985 2674 1025 mu-

346 1078 533 1141 lieres
574 1077 795 1139 »teneri
852 1076 1132 1139 somniat
1192 1068 1261 1138 et
1312 1073 1514 1138 stulte
1545 1081 1638 1137 *et
1673 1073 1940 1139 ‚comice
1997 1073 2395 1155 Artotrogo,
2454 1070 2564 1153 qui
2610 1068 2673 1133 ei

346 1182 676 1247 blanditur
723 1180 894 1245 hisce
941 1180 1185 1245 verbis:
1236 1177 1319 1266 (v.
1359 1179 1471 1267 58)
1526 1242 1529 1247 .

610 1287 750 1362 „Te
794 1309 1017 1350 omnes
1064 1291 1281 1351 aniant
1329 1285 1647 1359 mulieres,
1698 1305 1903 1367 neque
1947 1283 2014 1346 id
2058 1282 2307 1367 injuria,

655 1386 925 1472 Qui-sis*
973 1396 1105 1455 tam
1152 1391 1479 1477 pulcher“‚

346 1498 728 1584 respondet:
776 1496 922 1585 (68)
1221 1480 1228 1487 ⁶

613 1603 938 1678 „Nimiast
986 1602 1258 1677 miseria,
1306 1602 1497 1666 nimis
1546 1600 1883 1688 pulchrum
1931 1623 2070 1666 esse
2115 1600 2509 1666 hominem.“

523 1706 722 1788 Quod
767 1708 1154 1792 colloquium
1204 1730 1657 1793 personarum,
1706 1730 1975 1792 quarum
2026 1730 2155 1772 una
2200 1708 2495 1794 cupidine
2539 1708 2672 1794 glo-

344 1815 479 1880 riae
509 1822 575 1879 et
605 1815 895 1879 vanitate
927 1814 1195 1878 ridicula
1227 1818 1505 1888 tenetur,
1540 1813 1725 1888 unde,
1759 1818 1836 1877 ut
1866 1815 2260 1899 Artotrogus
2284 1814 2440 1878 dicit
2465 1838 2522 1877 v.
2551 1821 2670 1879 932

613 1921 724 1995 „ls
768 1920 1123 2000 ridiculost,
1173 1940 1429 2003 quaqua
1476 1920 1729 1994 incedit,
1777 1920 2137 1994 omnibus“,

348 2026 554 2090 altera
612 2048 767 2090 vero
824 2025 1122 2111 cupidine
1183 2024 1390 2089 bonae
1461 2046 1697 2089 coenae
1764 2026 2013 2090 illectus
2077 2024 2165 2112 (v.
2215 2012 2513 2101 33÷35,
2554 2024 2680 2114 49)-

348 2129 583 2195 0mnis'
614 2131 859 2217 gloriae
912 2131 1345 2211 obliviscitur,
1408 2152 1558 2195 vere
1612 2132 1926 2195 comicum
1989 2131 2269 2195 habetur
2327 2136 2393 2195 et
2437 2132 2529 2194 ita
2571 2138 2672 2195 est

348 2239 755 2308 instructum,
803 2242 881 2299 ut
926 2241 1323 2322 spectatores
1361 2237 1496 2321 jam
1544 2259 1583 2300 a
1624 2236 1881 2302 fabulae
1925 2237 2241 2323 principio
2286 2236 2684 2322 indignatio-

348 2344 445 2407 nis
491 2348 567 2408 et·
604 2342 945 2407 hilaritatis
992 2343 1324 2410 affectibus
1358 2332 1731 2407 teneantur.
1767 2336 1770 2339 “

525 2451 744 2529 Quum
804 2449 1060 2513 interim
1121 2471 1343 2513 servus
1389 2448 1907 2535 Pyrgopolinicis
1973 2448 2314 2515 Sceledrus
2379 2447 2685 2514 Pliilocoe

351 2557 658 2631 masium,
720 2575 884 2640 quae
926 2556 987 2619 ei
1042 2555 1465 2619 custodienda
1528 2553 1773 2618 tradita
1832 2560 2007 2630 erat,
2071 2554 2322 2641 pariete
2381 2553 2683 2640 perfosso

348 2684 672 2745 egressam
719 2670 788 2725 et
827 2683 971 2725 cum
1022 2660 1365 2734 Plausicle,
1429 2682 1668 2746 sponso
1732 2665 1801 2723 et
1861 2660 2119 2747 hospite
2164 2658 2680 2745 Periplecomeni.

349 2767 534 2830 vicini
597 2783 1004 2852 congressam
1069 2765 1150 2829 de
1203 2767 1438 2850 tegulis
1483 2788 1624 2830 esse
1677 2767 1941 2840 viderit,
2001 2763 2559 2851 Periplecomenus
2605 2768 2683 2829 et‘

350 2872 711 2937 Palaestrio
765 2870 1030 2935 consilia
1087 2871 1311 2935 ineunt
1355 2870 1533 2958 (Act.
1565 2877 1649 2945 II,
1686 2871 1785 2957 2),
1842 2893 1921 2935 ne
1967 2870 2088 2935 hoc
2133 2871 2376 2935 factum
2424 2869 2679 2956 Pyrgo-

350 2976 604 3062 polinici
662 2976 1013 3040 nuntietur·
1053 2999 1212 3042 neve
1271 3000 1435 3060 quae
1492 2977 1786 3042 facienda
1847 2976 1965 3042 sibi
2029 2980 2544 3062 proposuerunt,
2604 2976 2673 3039 in

347 3082 601 3146 irritum
665 3082 917 3146 cadant.
1013 3082 1213 3162 Quod
1272 3106 1346 3147 eo
1405 3105 1478 3147 se
1528 3086 1988 3147 consecuturos
2046 3104 2185 3146 esse
2241 3087 2539 3167 sperant,
2595 3087 2676 3146 ut

350 3188 683 3269 Sceledro,
746 3194 937 3252 cauto
1001 3190 1257 3273 quidem
1320 3189 1432 3253 sed
1493 3190 1701 3252 minus
1757 3188 2142 3275 perspicaci,
2206 3187 2672 3273 persuadeatur

347 3292 434 3379 (v.
484 3294 668 3381 227):
717 3293 951 3373 „Quae
998 3294 1100 3359 hic
1145 3298 1297 3360 sunt
1339 3295 1496 3367 visa,
1547 3299 1624 3358 ut
1665 3295 1799 3357 visa
1839 3317 1967 3358 non
2013 3294 2171 3363 sint,
2219 3292 2392 3358 facta
2434 3292 2672 3357 infecta

347 3400 443 3463 uti
499 3401 730 3464 sient.“
824 3399 1022 3480 Quod
1079 3400 1412 3464 consilium
1469 3399 1752 3487 lepidum
1811 3403 1879 3463 et
1934 3400 2247 3465 comicum
2306 3402 2454 3463 Act.
2502 3404 2586 3473 ΙΙ,
2629 3406 2668 3463 3

347 3527 599 3568 summa
658 3506 1092 3570 delectatione
1143 3505 1600 3591 spectantium'
1632 3510 2075 3589 exsequuntur
2127 3510 2194 3569 et
2237 3504 2505 3569 callidus
2549 3506 2671 3571 Pa—

344 3608 1033 3688 laestrioSceledrum,
1082 3612 1190 3694 qui
1221 3611 1405 3674 initio
1452 3609 1838 3676 oculosfalli
1870 3613 2160 3697 potuisse
2208 3616 2421 3698 negat,
2470 3611 2667 3698 cogit,

346 3718 423 3778 ut
482 3714 866 3779 confiteatur
917 3739 974 3782 v.
1011 3723 1176 3780 407:
1227 3715 1444 3791 „Nihil
1501 3711 1948 3792 habe'o'certi,
2007 3718 2181 3801 quod
2228 3718 2492 3801 loquar3
2541 3739 2668 3781 non

345 3821 474 3884 vidi
520 3842 682 3894 eam.
730 3822 850 3884 etsi
897 3821 1106 3897 vidi“;
1167 3826 1362 3906 atque
1409 3844 1607 3906 quum
1655 3823 2219 3899 Philocomasium,
2268 3845 2460 3907 quam
2509 3821 2695 3902 foris,

344 3948 483 3991 esse
530 3930 752 4012 putat,
802 3926 865 3989 in
912 3927 1079 3990 lecto
1125 3928 1464 3993 cubantem
1514 3929 1827 4004 inveniat,
1889 3952 2018 3993 non
2065 3929 2391 3993 dominam
2437 3928 2664 4014 ipsam,

345 4031 459 4095 sed
526 4031 854 4096 mulierem
906 4033 959 4095 ei
1021 4033 1438 4110 simillimam,
1510 4055 1676 4118 quae
1729 4035 1903 4120 apud
1967 4035 2239 4099 vicinum
2303 4034 2544 4098 versari
2607 4033 2666 4097 ei

345 4138 640 4201 nuntiata
685 4143 806 4213 est,
857 4159 925 4202 se
969 4138 1205 4203 vidisse
1246 4141 1621 4225 persuaderi
1665 4139 1782 4204 sibi
1817 4141 2081 4226 patitur.
2175 4140 2436 4204 Eodem
2475 4139 2668 4204 modo

344 4265 384 4305 a
430 4242 957 4327 Periplecomeno
1001 4242 1248 4308 fallitur
1293 4251 1362 4309 et
1392 4246 1665 4332 supplex
1698 4241 1943 4310 veniam
1989 4241 2236 4332 petens,
2285 4245 2456 4327 quod
2490 4241 2667 4330 tegu-
