2946 4761
1434 281 1517 338 20
1556 239 1566 249 .

303 491 446 531 rum
495 470 595 533 est
640 489 845 550 neque
894 465 1185 530 dubium.
1276 464 1723 550 Quancunque
1755 467 1920 532 enim
1961 469 2298 534 considero
2343 470 2626 541 fabulam

301 574 489 638 video
535 572 709 637 nulla
755 572 1138 657 interposita
1185 594 1383 646 mora,
1430 572 1544 635 sed
1591 564 1910 636 indefesso
1957 573 2203 658 impetu
2252 597 2453 659 paene
2483 578 2629 643 nisu

303 679 384 742 ad
432 680 675 742 exitum
727 677 1093 763 properari,
1140 682 1216 741 ut
1263 700 1587 761 nunquam
1633 678 1963 742 remittere
2018 678 2206 742 detur
2252 683 2628 764 spectatori-

305 782 424 847 bus
471 782 569 847 vel
615 782 961 847 lectoribus
992 784 1296 849 animum.
1376 781 1554 862 Quin
1602 784 1666 848 in
1710 784 2113 855 sermonibus
2145 804 2400 868 quoque
2430 790 2628 870 atque

301 889 426 955 illis
472 888 686 963 etiam,
733 888 964 972 quibus
1015 910 1195 952 mora
1240 888 1566 952 interdum
1612 889 2048 975 interponitur
2093 890 2359 965 actioni,
2412 892 2624 955 nescio

304 1018 496 1079 quam
546 995 758 1059 mirari
822 1016 923 1058 me
983 994 1129 1065 dico
1176 993 1545 1058 calidiorem
1610 1016 1824 1058 rerum
1872 995 2291 1080 agitationem
2339 1000 2408 1060 et
2452 1019 2625 1082 prae,-

302 1102 561 1188 cipitem
609 1100 1109 1175 festinationem,
1158 1122 1320 1184 quae
1366 1122 1679 1183 nusquam
1731 1101 1982 1186 patitur
2021 1101 2304 1176 consisti,
2333 1109 2427 1179 ⁸ut
2472 1101 2626 1173 nihil

302 1207 542 1275 rectius
586 1206 1002 1291 diciputem,
1051 1228 1243 1289 quam
1294 1210 1717 1291 properanter
1748 1207 1854 1290 agi
1886 1206 2120 1273 omnia.
2201 1204 2422 1286 Quare
2454 1212 2626 1272 recte

303 1312 718 1378 Sanadonum
766 1311 1027 1379 Horatii
1085 1308 1280 1375 verba
1340 1311 1693 1396 explicasse
1741 1315 1967 1397 put0.“
2031 1309 2134 1378 Cf.
2171 1312 2528 1378 Bernhard.
2560 1314 2626 1378 in

301 1418 529 1487 Ersch.
564 1423 631 1482 et
665 1416 871 1483 Grub.
908 1416 1141 1501 encycl.
1178 1440 1230 1480 s.
1263 1440 1317 1482 v,
1354 1416 1620 1502 Epion:
1679 1417 1879 1492 „Dies
1929 1440 2279 1503 properare
2326 1417 2626 1485 beziehen

301 1524 407 1589 die
452 1524 718 1588 meisten
765 1521 1140 1586 willkiirlich
1184 1522 1303 1587 auf
1342 1520 1503 1602 Stil,
1550 1521 1606 1586 F
1611 1545 1750 1586 orm
1799 1522 1930 1587 und
1978 1521 2468 1608 Lebhaftigkeit
2512 1524 2625 1593 des

301 1628 614 1705 Plautus3
661 1628 970 1693 vielmehr
1000 1628 1159 1714 liegt
1191 1628 1373 1692 darin
1420 1627 1700 1714 ein-Zug
1738 1628 1851 1693 der
1897 1629 2326 1693 comoedia
2372 1635 2623 1693 moto-

302 1735 455 1811 ria,
508 1733 740 1801 welche
772 1735 895 1799 ‹len
940 1732 1566 1799 Biihneneffect
1620 1734 1878 1799 durch
1924 1735 2049 1799 ein
2098 1732 2435 1799 rasches
2467 1733 2625 1797 Ex-

303 1842 654 1928 poniren
716 1863 865 1905 von
924 1839 1394 1903 dramatischen
1449 1838 1828 1905 Elementen
1875 1840 2006 1903 und
2054 1838 2488 1913 Characteren
2532 1859 2624 1901 er-

301 1946 517 2011 zielt.“
586 1944 690 2010 Cf.
727 1945 928 2011 Orell.
965 1945 1117 2009 edit.
1153 1944 1388 2009 Horat.
1425 1945 1507 2008 ad
1541 1944 1595 2009 h.
1635 1944 1706 2022 l.;
1756 1945 2100 2018 Baehrius:
2149 1944 2318 2009 Hist.
2356 1943 2479 2009 litt.
2514 1941 2619 2008 lat.

309 2053 362 2135 ξ.
395 2059 498 2121 41.
557 2090 647 2100 —--
703 2050 1085 2119 Ladevicius
1143 2049 1265 2116 hoc
1310 2050 1625 2134 judicium
1687 2052 1767 2115 de
1826 2072 2194 2115 sermonum
2240 2049 2340 2114 vel
2386 2048 2624 2134 dialogi

300 2157 643 2227 vivacitate
674 2157 813 2221 sola
841 2156 1109 2242 intelligi
1139 2156 1294 2224 vult.
1331 2156 1370 2221 l.
1403 2179 1457 2220 c.
1495 2180 1553 2242 p.
1591 2163 1711 2232 413
1753 2157 1907 2220 item
1940 2156 2325 2223 Loreuziust
2358 2153 2624 2231 „Leben

300 2262 436 2328 und
496 2261 850 2329 Schriften.
888 2261 999 2326 des
1055 2261 1271 2327 Koers
1332 2262 1803 2348 Epicharmos“
1858 2260 2066 2326 Berol.
2113 2267 2316 2335 1864,
2371 2266 2623 2346 122153

299 2390 464 2453 quae
508 2369 858 2443 sententia,
914 2391 1300 2454 quamquam
1350 2368 1612 2432 omnino
1658 2365 1883 2432 falsam
1929 2390 2066 2432 esse
2111 2367 2451 2432 ostendere
2497 2388 2625 2433 non

300 2496 648 2561 possumus
692 2496 900 2558 neque
944 2473 1275 2549 audemus,
1322 2478 1536 2539 tamen
1570 2474 1930 2557 quaestioni
1960 2472 2214 2538 abunde
2257 2472 2625 2542 satisfacere

300 2603 428 2645 non
474 2580 745 2646 videtur.
828 2579 1138 2643 Similiter
1168 2579 1488 2646 Horatius
1520 2579 1879 2644 Homerum
1926 2578 2149 2644 laudat
2179 2578 2353 2645 hisce
2383 2578 2624 2646 verbis:

300 2685 622 2772 „Semper
685 2686 768 2749 ad
827 2689 1128 2750 eventum
1177 2684 1505 2759 festinat“,
1554 2686 1698 2751 Art.
1736 2691 1905 2771 poet.
1945 2691 2085 2751 148.
2132 2724 2222 2734 -
2265 2685 2483 2770 HuJus
2514 2684 2626 2771 igi?
2699 2671 2710 2678 ,

301 2797 413 2858 tur
457 2792 579 2858 loci
626 2813 882 2857 sensum
931 2792 983 2855 si
1030 2795 1207 2857 recte
1240 2791 1552 2877 capimus,
1597 2790 1913 2855 Horatius
1947 2795 2215 2877 propter
2261 2790 2623 2855 fabularum

303 2901 690 2984 argumenta
735 2903 802 2962 et
848 2897 1159 2961 sermonis
1190 2896 1503 2971 habitum,
1555 2885 1975 2983 personarum
2018 2919 2364 2982 rerumque
2398 2901 2625 2960 tracta„

301 3003 542 3068 tionem
591 3009 658 3067 et
703 3025 936 3067 nexum
983 3001 1222 3070 Plauto
1268 3002 1548 3072 eandem¹
1592 3023 1783 3087 quam
1833 3001 2115 3067 Caecilio
2160 3002 2411 3070 laudem
2459 3022 2624 3065 com·

305 3108 605 3174 movendi
650 3109 898 3173 animos
943 3108 1044 3172 vel
1091 3115 1206 3170 τοῦ
1256 3106 1509 3181 πάθους
1554 3108 1877 3174 vindicare
1931 3107 2101 3173 bisce
2144 3108 2354 3172 verbis
2397 3103 2620 3170 voluit.

304 3212 437 3281 Sed
482 3233 679 3298 quum
726 3214 964 3278 multae
1008 3213 1228 3278 Plauti
1272 3212 1527 3280 fabulae
1574 3214 1758 3279 nobis
1818 3214 1949 3279 sint
1992 3214 2303 3288 traditae,
2349 3211 2625 3295 inquira-

306 3341 448 3383 mus
494 3339 752 3386 necesse
795 3325 924 3395 est,
984 3341 1138 3383 num
1198 3341 1268 3383 re
1321 3341 1472 3383 vera
1528 3319 1684 3385 haec
1733 3320 1981 3388 indoles
2027 3319 2259 3384 fabulis
2303 3316 2624 3384 Plautinis

301 3424 456 3490 insit
515 3429 614 3499 et,
677 3425 978 3509 quoniam
1038 3425 1162 3489 hoc
1215 3424 1357 3489 loco
1417 3448 1643 3491 omnes
1702 3446 2031 3490 recensere
2083 3448 2212 3490 non
2258 3446 2622 3511 possumus,

304 3554 533 3596 unam:
570 3530 927 3612 ,Militem
988 3530 1387 3615 gloriosum“
1447 3531 1733 3596 brev-iter
1801 3530 2340 3616 perstringamus,
2409 3552 2624 3614 quam·

305 3658 520 3720 quam,
568 3640 645 3702 ut
689 3636 877 3723 plane
922 3637 1364 3723 perspiciatur,
1412 3638 1599 3722 quale
1629 3636 1826 3704 fuerit
1856 3636 2180 3722 ingenium
2227 3634 2622 3710 Plautinum,

304 3739 561 3806 fabulae
607 3742 783 3828 ipsae
829 3747 1080 3807 attento
1129 3744 1344 3808 animo
1390 3743 1695 3829 legendae
1739 3748 1910 3809 sunt.

482 3847 698 3931 Hujus
763 3848 966 3933 igitur
1032 3848 1287 3914 fabulae
1342 3853 1805 3935 >argumentum
1873 3849 1937 3913 in
2006 3871 2083 3912 eo
2154 3851 2481 3922 versatur,
2552 3849 2625 3909 ut

304 3951 542 4017 femina
586 3954 897 4037 quaedam
946 3953 1490 4020 Philocomasium
1548 3955 1735 4028 militi
1771 3952 2272 4041 Pyrgopolinici,
2318 3952 2429 4037 qui
2479 3972 2624 4017 eam

304 4058 640 4145 Ephesum
687 4059 1079 4135 deduxerat,
1126 4060 1475 4145 eripiatur,
1507 4083 1777 4147 *sponso
1831 4084 1950 4126 suo
1995 4063 2380 4126 restituatur
2426 4058 2627 4124 miles·

308 4186 434 4248 que
477 4164 615 4249 ipse
662 4164 981 4250 puniatur.
1076 4164 1298 4230 Primo
1360 4170 1511 4230 actu
1572 4167 2106 4254 Pyrgopolinices
2152 4188 2296 4231 cum
2344 4163 2627 4230 satelliti·

305 4268 429 4334 bus
473 4275 539 4334 et
585 4270 871 4356 parasito
915 4270 1281 4357 Artotrogo
1340 4272 1404 4337 in
1454 4295 1713 4346 scenam
1762 4275 1981 4361 prodit
2026 4277 2092 4340 et
2136 4271 2627 4342 insolentissime
