2946 4761
771 815 911 926 De
983 810 1376 924 Volcati
1451 807 1874 948 Sedigiti
1946 841 2347 921 canone.

1305 1067 1655 1120 PARS
1728 1067 1804 1124 1..

1479 1220 1532 1301 §-
1587 1227 1642 1281 1.

389 1321 507 1435 De
552 1361 809 1429 Volcati
858 1359 1133 1447 Sedigiti
1180 1361 1318 1424 vita
1364 1381 1691 1445 perpauca
1734 1358 1920 1424 nobis
1966 1362 2126 1423 nota
2156 1363 2330 1422 sunt.
2407 1358 2714 1443 Aequalis

388 1471 538 1545 fuit,
585 1490 973 1552 quamquam
1025 1471 1240 1531 aetate
1287 1464 1574 1536 inferior,
1621 1466 1700 1529 L.
1733 1466 1925 1529 Attio
1969 1467 2037 1528 et
2082 1463 2266 1527 Aelio
2300 1462 2555 1541 Stiloni,
2601 1462 2712 1551 (cf.

389 1574 682 1660 Madvig.
718 1571 964 1659 Opusc.
997 1596 1060 1659 p.
1101 1580 1222 1637 107
1241 1595 1260 1648 3
1294 1570 1603 1636 Ritschel.
1636 1571 1901 1656 Parerg.
1936 1570 2152 1635 Plaut.
2178 1570 2435 1638 Terent.
2473 1594 2535 1656 p.
2565 1577 2712 1644 238,

393 1680 571 1766 240.)
632 1686 828 1764 atque
881 1678 1087 1742 altero
1146 1677 1401 1764 septimi
1464 1676 1698 1742 saeculi
1763 1677 2031 1742 dimidio
2090 1700 2151 1740 u.
2201 1699 2254 1740 c.
2313 1676 2605 1741 floruisse
2649 1681 2716 1740 et

389 1787 722 1874 scripsisse
763 1784 1037 1849 videt-ur.
1117 1782 1501 1867 Aequalium
1566 1805 1743 1847 more
1806 1782 2077 1847 multum
2123 1784 2189 1846 in
2234 1782 2605 1868 colligendis
2646 1785 2715 1847 et

388 1892 796 1958 recensendis
838 1896 1178 1976 poetarum
1216 1889 1523 1975 operibus
1555 1894 1849 1953 versatus
1871 1888 2208 1974 judicium,
2256 1911 2446 1973 quem
2492 1888 2717 1953 dicunt

390 2021 719 2070 canonem,
780 1996 861 2060 de
906 1994 1167 2060 comicis
1215 1995 1425 2080 poetis
1470 1994 1687 2059 latinis
1733 1994 2104 2081 proposuit,
2168 1995 2343 2078 quod
2388 1994 2572 2058 nobis
2616 2000 2716 2058 est

393 2104 728 2169 traditum.
804 2101 1003 2187 Apud
1037 2099 1317 2166 Gellium
1364 2100 1530 2164 enim
1563 2098 1644 2164 N.
1678 2104 1760 2165 A.
1799 2101 1958 2176 XV,
2008 2108 2091 2164 24
2136 2100 2445 2186 legimus:
2491 2098 2716 2176 „Sedi-

305 2198 308 2202 “
392 2211 567 2297 gitus
612 2208 678 2272 in
723 2208 907 2280 libro,
957 2228 1144 2289 quem
1195 2205 1453 2292 scripsit
1498 2206 1578 2270 de
1618 2207 1847 2292 poetis,
1894 2206 2049 2290 quid
2080 2206 2161 2270 de
2191 2207 2268 2269 iis
2299 2206 2558 2281 sentiat,
2605 2205 2713 2290 qui

390 2313 753 2380 comoedias
784 2313 1078 2378 fecerunt
1109 2318 1175 2376 et
1205 2335 1393 2397 quem
1430 2318 1760 2400 praestare
1801 2334 1882 2376 ex
1913 2312 2209 2376 omnibus
2240 2314 2472 2376 ceteris
2504 2316 2713 2401 putet,

390 2444 464 2486 ac
508 2421 829 2507 deinceps,
877 2441 1005 2503 quo
1052 2440 1370 2503 quemque
1416 2419 1480 2484 in
1527 2418 1670 2484 loco
1714 2424 1779 2483 et
1825 2419 2068 2483 honore
2112 2424 2334 2505 ponat,
2380 2419 2480 2484 his
2522 2419 2713 2484 versi-

392 2528 513 2592 bus
558 2529 691 2591 suis
737 2528 1173 2590 demonstrat:

926 2635 1150 2694 Multos
1180 2634 1435 2693 incertos
1466 2639 1690 2693 certare
1719 2636 1874 2694 hanc
1900 2655 2025 2695 rem
2060 2636 2338 2706 vidimus,

841 2724 1106 2783 Palmam
1136 2731 1350 2799 poetae
1381 2723 1603 2782 comico
1636 2724 1732 2782 cui
1764 2725 2051 2783 deferant.

842 2812 993 2871 Eum
1024 2832 1155 2870 meo
1181 2811 1407 2885 judicio
1440 2832 1696 2870 errorem
1727 2813 2050 2871 dissolvam
2079 2811 2211 2882 tibi,

844 2900 942 2969 Ut,
988 2906 1189 2958 contra
1222 2899 1272 2957 si
1306 2899 1439 2976 quis
1473 2900 1708 2968 sentiat,
1752 2901 1838 2958 nil
1871 2901 2108 2959 sentiat.

739 2988 794 3047 5.
843 2987 1094 3046 Caecilio
1127 2989 1382 3065 palmam
1419 2989 1608 3047 Statio
1642 2989 1715 3046 do
1748 2989 2002 3047 mimice.

839 3075 1087 3134 Plautus
1116 3076 1409 3134 secundus
1435 3076 1612 3135 facile
1652 3082 1972 3154 exsuperat
2001 3082 2239 3136 ceteros.

839 3165 997 3224 Dein
1027 3163 1311 3234 Naevius,
1355 3167 1454 3241 qui
1488 3166 1695 3237 fervet,
1736 3166 1928 3242 pretio
1957 3166 2022 3223 in
2052 3166 2304 3224 tertiost.

842 3254 908 3311 Si
942 3253 1075 3322 erit,
1123 3254 1283 3330 quod
1315 3261 1521 3330 quarto
1554 3254 1742 3324 detur,
1789 3254 2313 3313 dabiturLicinio.

839 3343 986 3400 Post
1016 3339 1256 3419 insequi
1288 3341 1586 3399 Licinium
1616 3343 1771 3400 facio
1803 3342 2079 3401 Atilium.

694 3431 792 3488 10.
835 3431 908 3488 In
941 3434 1110 3487 sexto
1144 3434 1540 3506 consequetur
1567 3431 1676 3487 hos
1708 3431 2037 3489 Terentius.

841 3516 1142 3593 Turpilius
1178 3517 1518 3592 septimum,
1562 3518 1788 3576 Trabea
1821 3527 2089 3578 octavum
2122 3518 2370 3594 optinet.

837 3606 1009 3662 Nono
1040 3604 1170 3662 loco
1203 3623 1334 3663 esse
1364 3606 1542 3664 facile
1571 3607 1726 3665 facio
1756 3607 2056 3665 Luscium.

839 3692 1149 3751 Decimum
1181 3693 1333 3752 addo
1365 3713 1543 3753 causa
1574 3695 1947 3772 antiquitatis
1978 3695 2291 3753 Ennium.“

1479 3869 1532 3950 ς.
1584 3875 1641 3932 2.

563 3985 640 4050 ln
671 3985 772 4050 his
803 3987 1116 4064 versibus,
1164 4011 1326 4074 quos
1358 4013 1438 4054 ex
1486 3990 1933 4055 emendatione
1977 3990 2073 4056 M.
2105 3990 2364 4056 Hertzii
2408 3993 2507 4057 ed.
2544 3989 2711 4060 Gen.

386 4088 569 4175 Lips.
610 4098 778 4157 1853
812 4092 1230 4168 reddidimus,
1279 4096 1496 4182 plures
1527 4097 1939 4161 inveniuntur
1968 4096 2313 4162 varietates
2341 4096 2711 4175 lectionum,

386 4193 467 4257 de
512 4194 746 4278 quibus
792 4201 1158 4264 accuratius
1205 4224 1476 4286 agamus
1519 4224 1777 4267 necesse
1822 4207 1941 4267 est.

2294 4316 2326 4370 1
