2946 4761
1240 247 1415 338 ,294

201 439 325 495 τῶν
356 437 585 496 παθῶν
615 433 1122 518 cognoscendam
1156 433 1278 498 hoo
1310 434 1468 510 loco,
1518 456 1681 518 quae
1722 434 1892 501 idem
1928 431 2158 500 Cicero
2189 434 2384 499 Tusc.
2415 439 2524 509 IV,

202 545 261 613 5,
300 546 380 603 10
428 539 635 614 docet,
683 539 919 603 addere
964 539 1185 604 liceat:

375 642 779 723 „Quoniam,
826 647 1072 729 inquit,
1120 668 1284 729 qnae
1332 644 1567 710 Graeci
1616 644 1796 728 πάθη
1844 648 2111 720 vocant,
2156 645 2344 710 nobis
2387 669 2536 732 per-2¹⁷

200 748 606 815 turbationes
662 750 970 836 appellari
1028 752 1231 836 magis
1293 751 1505 836 placet
1564 773 1758 834 quam
1819 750 2109 827 morbos,
2164 752 2229 815 in
2277 751 2375 815 his
2422 774 2525 815 ex-

202 854 509 940 plicandis
556 859 836 920 veterem
883 855 1055 919 illam
1089 857 1344 940 quidem
1389 856 1808 942 Pythagorae
1854 858 2155 942 primum,
2204 856 2351 923 dein
2383 857 2525 935 Pla-

201 961 372 1025 tonis
419 960 914 1047 descriptionem
970 984 1238 1045 sequar,
1299 963 1407 1045 qui
1458 963 1740 1026 animum
1788 963 1849 1025 in
1899 963 2060 1025 duas
2106 967 2327 1048 partes
2373 962 2525 1027 divi-

201 1065 394 1129 dunt:
444 1066 709 1130 alteram
756 1067 1026 1131 rationis
1075 1068 1454 1153 participem
1509 1067 1791 1140 faciunt,
1839 1066 2106 1131 alteram
2156 1072 2522 1153 expertem:

200 1172 262 1234 in
327 1173 641 1258 participe
702 1172 970 1237 rationis
1026 1178 1276 1258 ponunt
1324 1174 1894 1257 tranquillitatem,
1952 1175 2016 1238 id
2064 1179 2163 1237 est
2211 1173 2523 1259 placidam

202 1278 615 1361 quietamque
676 1279 1137 1354 constantiam,
1199 1279 1261 1342 in
1317 1279 1423 1342 illa
1486 1280 1691 1343 altera
1754 1284 1967 1343 motus
2025 1279 2321 1344 turbidos
2381 1285 2522 1345 tum

201 1383 335 1446 irae
383 1387 520 1446 tum
570 1384 965 1468 cupiditatis,
1012 1385 1372 1448 contrarios
1419 1386 1837 1468 inimicosque
1882 1386 2181 1449 rationi.“
2246 1384 2348 1450 Cf.
2387 1384 2523 1450 Cic.

202 1488 284 1552 de
315 1489 422 1553 fin.
453 1494 573 1563 III,
611 1497 710 1564 10,
747 1496 866 1565 353
915 1488 1107 1555 Orat.
1142 1498 1262 1555 37:
1308 1490 1739 1573 ,,παθητικόν,
1793 1514 1920 1575 quo
1962 1491 2523 1555 concitanturani-

205 1596 290 1657 mi
340 1599 406 1659 et
451 1595 986 1681 perturbantur.“
1285 1575 1288 1581 ¹

382 1699 609 1780 Quint·
661 1703 823 1765 lnst.
871 1706 1035 1765 orat.
1071 1706 1175 1774 VI,
1223 1709 1276 1776 2,
1314 1710 1424 1766 20:
1473 1702 1903 1778 ,‚Diversum‚
1952 1682 2182 1786 inquit,
2231 1706 2333 1766 est
2377 1701 2527 1766 huic

203 1805 405 1894 (ἤθει)
452 1808 625 1890 quod
674 1806 883 1880 πάθος
927 1807 1183 1879 dicitur,
1233 1809 1533 1892 quodque
1567 1831 1681 1872 nos
1713 1809 2009 1872 affectum
2039 1808 2303 1895 proprie
2344 1829 2526 1872 voca-

206 1935 379 1996 muS,
430 1917 529 1988 et,
578 1917 653 1975 ut
701 1914 993 1997 proxime
1038 1914 1378 1997 utriusque
1423 1915 1847 1979 differentiam
1897 1915 2177 2000 signem,
2225 1914 2382 1978 illud
2429 1937 2529 1978 co-

205 2019 514 2093 moediae,
561 2018 683 2082 hoc
728 2019 1099 2103 tragoediae
1131 2020 1353 2087 simile.
1430 2020 1613 2084 Haec
1644 2043 1796 2106 pars
1844 2021 2011 2084 circa
2058 2021 2237 2095 iram,
2286 2021 2526 2097 odium,

204 2128 470 2203 metum,
518 2124 840 2199 invidiam,
891 2125 1366 2188 miserationem
1411 2124 1547 2188 fere
1595 2128 1737 2188 tota
1781 2122 2147 2189 versatur.“
2218 2124 2323 2190 Cf.
2358 2127 2527 2191 idem

205 2234 310 2306 VI,
346 2237 404 2306 2,
444 2238 557 2294 12:
605 2229 860 2305 „noi-904·
909 2232 1209 2305 concitat,
1256 2223 1420 2312 ἦθος
1469 2231 1788 2315 mitigat.“

384 2334 534 2416 Qua
580 2359 658 2400 ex
711 2337 1078 2402 definitione
1128 2343 1238 2399 τοῦ
1274 2335 1522 2411 πόθους
1569 2336 1751 2401 facile
1785 2341 2076 2423 apparet,
2127 2361 2232 2402 eas
2279 2335 2529 2402 fabulas

206 2444 329 2507 dici
376 2442 765 2525 παθητικάς,
818 2444 1048 2526 quibus
1096 2443 1160 2505 id
1205 2444 1497 2525 inprimis
1544 2441 1793 2529 agitur,
1856 2450 1927 2508 ut
1971 2445 2164 2508 rebus
2212 2467 2360 2509 vere
2405 2450 2529 2508 tra-

205 2549 364 2635 gicis
395 2549 492 2612 vel
525 2548 783 2612 comicis
818 2571 1233 2633 personarum
1268 2549 1332 2612 in
1364 2571 1554 2613 scena
1585 2550 1932 2634 agentium,
1968 2550 2315 2635 inopinatis
2341 2549 2530 2614 dictis

204 2651 523 2738 factisque
588 2653 782 2717 animi
843 2639 1271 2739 spectantium
1337 2660 1864 2720 commoveantur
1909 2678 1981 2719 ac
2030 2656 2386 2742 cupiditate
2429 2656 2529 2719 vel

204 2763 437 2825 timore
481 2759 581 2824 vel
629 2759 954 2823 hilaritate
999 2759 1451 2823 accendantur.

383 2861 796 2949 Quamquam
858 2872 1075 2930 autem
1139 2866 1201 2928 in
1265 2868 1634 2941 comoedia,
1683 2890 1902 2951 quum,
1950 2876 2025 2932 ut
2073 2865 2305 2934 Cicero
2352 2870 2525 2943 dicit,

205 2974 288 3036 sit
335 2972 664 3057 speculum
714 2971 1124 3054 quotidianae
1169 2973 1360 3046 vitae,
1409 2971 1479 3033 τὸ
1528 2965 1692 3054 ἦθος
1738 2974 2153 3060 principalem
2202 2974 2399 3037 habet
2444 2973 2529 3036 lo-

205 3102 371 3153 cum,
421 3082 635 3141 tamen
684 3078 878 3140 etiam
929 3076 996 3138 τὸ
1049 3075 1259 3149 πάθος
1305 3079 1367 3140 in
1414 3100 1489 3141 ea
1534 3079 1901 3160 adhibetur,
1950 3081 2002 3143 si
2035 3081 2301 3144 affectus
2334 3078 2527 3141 animi

203 3185 581 3270 plerumque
627 3204 707 3246 ex
752 3187 985 3246 natura
1031 3183 1399 3247 comoediae
1444 3185 1668 3269 gaudii
1728 3190 1794 3249 et
1841 3186 2182 3250 hilaritatis
2231 3189 2382 3248 sunt
2427 3207 2528 3248 ex-

205 3290 521 3376 primendi
567 3292 634 3352 et
680 3311 806 3351 non
852 3287 986 3369 ἤθη
1035 3293 1288 3364 tantum
1337 3295 1706 3361 servantur,
1758 3291 1869 3354 sed
1916 3292 2111 3354 etiam
2158 3289 2333 3353 haud
2379 3312 2525 3354 raro

205 3394 383 3477 πάθη
432 3398 1061 3469 commoventur,›ut
1106 3394 1425 3458 Horatius
1472 3397 1632 3461 dicit
1675 3400 1821 3459 Art.
1868 3402 2038 3482 poet.
2077 3404 2180 3460 94.

468 3501 848 3576 „Interdum
897 3504 1110 3563 tamen
1160 3505 1226 3563 et
1270 3522 1491 3564 vocem
1540 3501 1873 3565 comoedia
1918 3501 2119 3577 tollit,

513 3589 859 3690 Iratusque
907 3603 1218 3670 Chremes
1266 3607 1520 3671 tumido
1565 3608 1861 3692 delitigat
1907 3618 2083 3671 ore.“
2116 3606 2168 3695 ¹)

382 3709 597 3791 Quam
656 3711 1151 3776 commotionem
1211 3713 1592 3788 affectuum,
1654 3714 1706 3776 si
1762 3714 1827 3775 in
1886 3713 2219 3777 comoedia
2263 3714 2525 3799 petitur,

205 3841 280 3882 eo
348 3820 691 3903 praecipue
759 3823 1240 3900 consequuntur
1306 3818 1532 3882 comici
1598 3823 1858 3903 poetae,
1930 3823 2005 3882 ut
2063 3817 2292 3883 facetis
2342 3819 2527 3902 jocis,

351 3999 390 4055 ¹)
437 3998 584 4054 Quod
640 3998 906 4062 praecipue
962 3998 1020 4047 dc
1075 3997 1310 4046 Terentio
1366 4002 1575 4061 propter
1622 3997 1728 4059 ejus
1777 3997 1977 4046 fabulae
2024 4000 2209 4047 Heaut.
2264 4013 2528 4061 personam

206 4086 515 4135 Chremetem
567 4085 754 4133 dictum
806 4091 1060 4148 putamuS.
1137 4085 1195 4133 Si
1247 4088 1413 4133 autem
1462 4084 1753 4146 Terentius,
1810 4101 1954 4148 quem
2011 4085 2249 4149 inprimis
2298 4078 2355 4133 τὸ
2404 4072 2530 4147 ἦθος

205 4173 506 4237 expressisse
554 4177 732 4236 postea
775 4170 1086 4232 videbimus,
1142 4171 1472 4222 interdum
1525 4168 1583 4221 τὸ
1632 4169 1797 4229 πάθος
1843 4179 2037 4236 movet,
2093 4190 2194 4222 non
2241 4171 2349 4221 sine
2385 4188 2530 4221 causa

205 4260 454 4326 suspicari
491 4260 764 4321 videamur,
802 4257 1004 4325 saepius
1040 4260 1103 4310 ab
1139 4260 1502 4347 aliisaeomicis
1540 4277 1829 4325 expressum
1866 4277 1985 4311 esse.
2041 4325 2042 4328 Ἴ
