2946 4761
1452 246 1530 303 27

334 432 432 497 bis
475 436 820 517 exemptus
866 436 985 505 est,
1034 453 1231 515 quum
1266 433 1329 496 in
1352 432 1498 505 his,
1529 420 1689 517 quas
1730 455 1928 517 supra
1958 431 2112 507 dixi,-
2158 430 2392 496 fabulis
2423 432 2662 499 delicta

333 561 453 603 sua
497 543 567 602 et
610 538 1003 623 petulantias
1036 538 1421 611 ‚dictorums
1457 538 1690 622 quibus
1739 536 1975 601 multos
2019 541 2167 602 ante
2212 537 2507 608 laeserat.
2568 539 2659 603 di-

332 645 620 708 luisset.“
690 642 905 723 Quam
954 667 1088 707 rem
1124 645 1387 730 respicit
1416 645 1691 710 Plautus
1736 643 1881 709 Mil.
1915 643 2079 728 glor.
2116 645 2201 717 ll,
2235 651 2299 718 2,
2334 650 2414 708 56
2445 642 2655 731 (211).

332 750 439 815 Ex
470 749 590 830 his,
623 771 787 832 quae
821 747 1068 814 Gellius
1100 748 1142 813 l.
1164 773 1226 818 c.
1260 749 1479 824 refert,
1503 749 1811 822 efficitur,
1842 748 2161 814 Naevium
2197 771 2430 834 magna
2460 749 2656 813 fuisse

332 856 528 920 animi
572 855 927 921 acerbitate
982 860 1050 918 et
1095 855 1544 929 amaritudine,
1615 860 1689 920 ut
1725 866 1863 920 :non
1923 853 2256 922 dubitaret
2318 879 2527 921 mores
2573 861 2657 920 et

331 961 507 1026 facta
538 960 652 1024 ¹vel
697 960 1055 1046 principum
1105 961 1383 1024 civitatis
1427 962 1746 1047 castigare
1801 966 1867 1024 et
1910 960 2058 1024 odio
2107 961 2426 1045 persequi.
2522 961 2653 1040 Qui

334 1067 527 1129 animi
586 1065 801 1130 acerbi
865 1065 1456 1129 vehementissimus
1511 1068 1791 1151 impetus
1864 1066 2072 1131 elucet
2133 1088 2215 1129 ex
2274 1065 2655 1152 fragmentis

334 1193 611 1256 quoque,
660 1193 933 1254 quorum
966 1170 1463 1235 famosissimum
1497 1171 1654 1237 illud
1700 1172 1779 1236 de
1815 1170 2114 1258 Scipione
2143 1194 2183 1234 a
2215 1169 2429 1237 Gellio
2458 1172 2539 1239 N.
2574 1175 2656 1239 A.

339 1277 660 1351 V11,.s‚'5
709 1279 1157 1340 conservatum
1205 1281 1566 1342 memoratu
1613 1277 1882 1363 dignum
1928 1277 2209 1341 videtur:

599 1381 861 1457 „Etiam
910 1382 1017 1465 qui
1063 1403 1166 1445 res
1215 1405 1406 1446 manu
1457 1406 1724 1468 magnas
1769 1405 1957 1468 saepe
2000 1383 2202 1467 gessit
2250 1381 2549 1466 gloriose,

645 1486 852 1571 Cujus
888 1487 1072 1553 sacta
1115 1488 1263 1552 viva
1302 1511 1470 1553 nunc
1518 1490 1753 1574 vigent,
1811 1490 1919 1572 qui
1952 1488 2128 1575 apud
2184 1492 2412 1573 gentes
2477 1487 2651 1553 solus

1603 1599 1912 1679 praestat,

639 1699 812 1763 Eum
859 1721 1015 1764 suus
1063 1709 1248 1786 pater
1291 1722 1435 1764 eum
1472 1699 1678 1786 -pallio
1723 1701 1804 1764 ab
1851 1700 2057 1764 amica
2103 1699 2375 1764 abduxit
2420 1709 2617 1767 un0.“

335 1803 404 1870 S.
438 1805 686 1869 Hiero
705 1828 879 1890 nym
898 1827 1118 1891 usep.
1145 1806 1248 1869 ad.
1269 1805 1520 1869 Pamm.
1547 1829 1610 1892 p.
1641 1814 1761 1870 101
1788 1805 1868 1868 de
1892 1805 2272 1889 eoloquitur
2287 1805 2395 1892 (cf.
2417 1828 2477 1891 p.
2503 1808 2650 1888 16.).

511 1910 581 1974 Si
612 1934 812 1996 porro
835 1915 1003 1975 teste
1026 1911 1366 1976 Macrobio
1393 1910 1530 1976 Sat.
1561 1911 1677 1986 VI,
1699 1919 1750 1975 2
1779 1911 2077 1996 Virgilius
2102 1911 2417 1977 Naevium
2448 1913 2655 1977 imita-

332 2021 467 2080 tus‘
489 2021 591 2080 est
621 2017 960 2102 praecipue
1017 2017 1084 2081 in
1142 2021 1285 2081 tota
1319 2017 1725 2102 tempestatis
1749 2021 1756 2028 '
1783 2017 2215 2103 descriptione
2259 2019 2447 2097 (Aen.
2483 2019 2534 2091 l,
2568 2024 2652 2082 81

334 2127 501 2206 sqq.)
542 2125 614 2186 et
659 2122 722 2185 in
768 2121 1148 2207 effingendis
1192 2122 1467 2186 Veneris
1512 2122 1810 2208 precibus
1853 2122 2169 2206 Jovisque
2224 2123 2654 2207 promissioni.

332 2228 454 2293 bus
497 2227 607 2311 (cf.
642 2229 804 2292 Aen.
836 2228 890 2302 1,
927 2234 1052 2292 223
1086 2226 1275 2315 sqq.),
1324 2250 1441 2291 cur
1485 2227 1606 2292 hoc
1648 2226 1890 2292 factum
1940 2235 2268 2314 putamus,
2316 2229 2436 2293 nisi
2479 2229 2656 2312 quod

334 2333 684 2421 exemplari
732 2356 850 2398 suo
896 2335 1090 2398 animi
1132 2334 1430 2400 ardorem
1467 2337 1827 2398 etmotut'n
1877 2333 2195 2418 quendam
2240 2334 2446 2405 inesse
2492 2333 2652 2402 arbi·

335 2439 679 2505 trabatur?
749 2438 967 2520 Quam
1007 2440 1225 2515 «aliam,
1274 2462 1536 2525 quaero,
1582 2440 1866 2504 invenias
1897 2461 2178 2515 causam,
2226 2462 2340 2504 cur
2387 2440 2657 2527 vestigia

333 2544 558 2610 Naevii
602 2547 678 2610 iis
725 2547 1131 2632 potissimum
1170 2548 1482 2632 presserit
1529 2546 1704 2618 lociS,
1756 2546 1987 2630 quibus
2034 2546 2241 2612 elatus
2286 2547 2538 2612 animus
2587 2551 2662 2611 et·

333 2652 661 2718 incitatus:
688 2652 884 2717 verba
928 2653 1171 2734 fuceret
1214 2673 1472 2720 necesse
1520 2654 1700 2721 erat?
2086 2641 2088 2644 ⁵

511 2756 707 2822 Hunc
751 2758 951 2841 igitur
982 2757 1067 2821 ob
1098 2757 1292 2821 animi
1325 2759 1624 2823 ardorem
1655 2765 1723 2824 et
1758 2745 2221 2824 vehementiam
2241 2780 2398 2822 -eum
2432 2780 2471 2820 a
2505 2757 2658 2824 Vol-

335 2858 837 2946 catioSedigito
884 2863 947 2925 in
993 2862 1187 2930 tertio
1233 2863 1493 2927 canonis
1525 2862 1666 2928 loco
1701 2863 1984 2949 positum
2029 2863 2455 2947 additumque
2499 2863 2657 2946 „qui

335 2966 969 3050 fervesnputamus.
1008 2967 1175 3036 Nam
1222 2950 1370 3033 eum
1415 2968 1667 3034 fervere
1698 2969 1991 3043 dicimus,
2038 2969 2145 3053 qui
2196 2969 2444 3053 magnis
2490 2991 2658 3034 com-

336 3071 727 3138 motionibus
774 3072 1078 3138 incitatur
1107 3079 1188 3142 et
1229 3074 1481 3159 impetu
1512 3074 1795 3139 trahitur
1827 3079 1894 3138 et
1926 3073 2523 3159 perturbationibus
2555 3074 2655 3139 vel

332 3178 666 3252 affectibus
712 3182 813 3242 est
858 3176 1194 3243 obnoxius.
1246 3177 1449 3263 Cujus
1481 3180 1764 3246 notionis
1794 3178 2088 3245 vocabuli
2131 3178 2415 3248 fervendi
2450 3178 2655 3246 multa

254 3313 257 3314 ⁷
334 3284 547 3352 afferri
593 3290 864 3370 possunt
912 3282 1224 3369 exempla.
1270 3283 1351 3348 cf.
1387 3283 1526 3352 Cic..
1561 3285 1745 3352 Brut.
1783 3282 1936 3350 108:
1983 3286 2240 3361 „oratio
2283 3284 2656 3350 fervidior.“

336 3386 532 3458 Ovid.
579 3389 761 3458 Fast.
798 3397 1059 3466 2‚,732;
1102 3390 1380 3454 Metam.
1416 3397 1475 3464 2,
1525 3396 1676 3455 602.
1711 3390 1946 3454 Horat.
1985 3389 2267 3466 Od.sslV‚
2303 3398 2364 3466 2,
2401 3399 2462 3466 7.
2524 3411 2656 3474 quo

239 3567 245 3575 ,
335 3494 594 3578 quidem
643 3491 820 3571 loco,
852 3499 927 3559 ut
973 3495 1074 3561 hic
1117 3494 1420 3570 Naevius,
1462 3493 1711 3562 fervere
1753 3495 1992 3568 dicitur
2037 3496 2395 3566 Pindarus:
2517 3532 2524 3539 ·

597 3600 882 3675 „Fervet
924 3602 1401 3684 immensusque
1446 3601 1584 3668 ruit
1626 3600 1950 3686 profundo

1177 3705 1499 3770 Pindarus
1546 3716 1723 3770 ore.“

336 3808 659 3878 Omnibus
718 3811 947 3895 igitur.
975 3813 1365 3880 testimoniis
1407 3812 1488 3876 de
1519 3811 1762 3880 Naevio
1818 3812 2087 3876 servatis
2133 3812 2198 3876 id
2244 3811 2654 3897 exploratum

333 3915 663 3987 habemus,
711 3915 909 3984 fuisse
956 3940 1103 3984 eum
1134 3919 1325 3983 alacri
1370 3925 1435 3984 et
1465 3919 1732 3984 incitat-o
1778 3918 1993 3981 animo
2037 3917 2300 4001 ejusque
2330 3918 2664 4002 ingenium*

333 4021 668 4114 affectibus
714 4027 780 4085 et
827 4023 1291 4107 cupiditatibus
1330 4023 1576 4092 >multis
1616 4024 1909 4087 servisse.
2001 4019 2221 4101 Quare
2277 4034 2451 4090 reete
2498 4023 2658 4094 dicit

335 4126 690 4194 Bernhard.
723 4127 901 4191 Hist.
924 4127 1048 4192 litt.
1076 4128 1186 4194 lat.
1215 4153 1281 4213 p.
1306 4136 1435 4194 382
1452 4153 1467 4191 ε
1517 4128 1690 4201 „Die
1712 4128 2183 4192 dramatischen
2209 4127 2658 4196 Bruchstiicke

334 4255 579 4317 zeugen
622 4256 748 4300 von
793 4231 1265 4318 Lebendigkeit
1309 4234 1440 4298 und
1498 4234 1731 4304 lnecker
1790 4233 1948 4324 oder
2004 4232 2171 4304 doch
2226 4234 2444 4300 naiver
2490 4232 2660 4306 Dar·
