2946 4761
1256 382 1281 386 „
1312 296 1556 387 ἐξ,

192 490 332 549 tum
383 482 687 567 nullaque
741 483 882 547 lans
935 504 1145 567 neque*
1200 482 1404 547 bonae
1460 482 1917 567 descriptionis
1963 500 2252 554 morum,
2309 481 2510 547 animi

191 591 487 672 vitaeque
532 610 737 673 neque
785 590 1230 654 commotionis
1274 588 1644 652 affectuum.

364 695 564 760 Hunc.
607 699 966 778 sequuntur
1007 696 1071 772 ii,
1119 695 1248 778 qui,
1296 714 1687 778 quamquam
1735 693 2027 758 similiter
2054 714 2252 758 unum
2302 710 2510 757 exem-³

190 801 331 887 piar
378 799 701 866 Graecum
747 801 1121 874 imitantur,
1181 805 1396 864 tamen
1457 822 1586 863 non
1630 798 1948 863 serviliter
2001 801 2067 863 in
2113 797 2322 863 verbis
2366 798 2509 862 hae⁴

190 911 356 981 rent,
402 906 517 970 sed
562 904 861 969 libertate
903 906 1180 988 quadam
1228 909 1484 970 utentes
1528 906 1593 969 in
1623 905 1951 970 vertendis
1979 903 2214 969 fabulis
2259 907 2512 969 cen-‘turn'

190 1011 309 1076 sibi
356 1014 731 1098 proponunt
774 1010 986 1086 finem,
1034 1033 1221 1095 quem
1256 1017 1330 1075 ut
1361 1017 1805 1094 assequantur,
1853 1034 1979 1075 non
2018 1032 2224 1096 pauca
2258 1014 2510 1074 mutare

190 1122 531 1203 coguntur.
602 1115 808 1199 Cujus
839 1119 1090 1201 generis
1122 1122 1461 1202 poetarum
1488 1117 1865 1204 (Turpilius,
1899 1116 2171 1187 Trabea,
2205 1113 2510 1200 Luscius)

190 1223 511 1288 sententia
557 1220 832 1306 Sedigiti
899 1224 1158 1288 minima
1214 1223 1401 1287 laude
1453 1222 1696 1308 dignus⁴
1735 1220 2039 1292 habetur.
2097 1222 2206 1304 qui
2255 1242 2514 1285 morum

189 1334 257 1395 et
301 1333 667 1414 temporum
716 1328 1055 1413 imaginem
1104 1328 1337 1393 fabulis
1383 1328 1776 1413 exprimere,
1837 1328 1891 1392 is
1919 1331 2198 1401 -autem‚
2254 1327 2363 1410 qui
2407 1325 2509 1390 det-

192 1431 424 1499 mendo
466 1437 534 1497 et
578 1433 872 1497 addendo
932 1457 967 1498 e
1010 1435 1277 1520 proprio
1321 1433 1578 1520 ingenio
1646 1435 2073 1518 spectantium
2121 1436 2343 1497 tenere
2385 1431 2514 1494 ani-

193 1550 332 1606 mos
379 1542 447 1604 et
490 1562 894 1604 commovere
938 1540 1180 1614 studet,
1225 1539 1522 1625 princeps
1558 1538 1909 1621 judicatur.
1939 1545 2047 1585 “--

363 1645 548 1711 Haec
592 1645 696 1709 via
738 1645 1104 1710 comoedias
1149 1643 1587 1709 conscribendi
1635 1643 1774 1707 aliis
1818 1642 2078 1708 comicis
2124 1643 2316 1706 nimis
2367 1646 2514 1707 arta

187 1755 257 1816 et
301 1755 578 1836 angusta
623 1754 722 1814 est
768 1752 903 1814 visa
949 1772 1154 1834 neque
1198 1749 1477 1814 consiliis
1523 1750 1654 1813 suis
1681 1750 1859 1813 satis
1905 1754 2087 1835 apta,
2133 1771 2336 1831 quare
2380 1766 2512 1813 non

191 1857 589 1930 mirandum,
650 1856 822 1939 quod
883 1856 1097 1940 plures
1146 1854 1544 1920 Graecorum
1602 1855 1964 1919 comoedias
2010 1853 2512 1939 adoptaverunt,

190 1963 401 2037 unde,
460 1962 770 2045 quidquid
840 1960 1164 2047 placebat,
1224 1960 1564 2046 ⁴elegerunt
1632 1966 1827 2044 atque
1893 1961 1962 2024 in
2027 1980 2226 2023 unam·
2275 1981 2507 2023 novam

190 2067 588 2132 comoediam
636 2066 898 2130 latinam
960 2071 1438 2152 congesserunt.
1533 2069 1610 2132 ln
1655 2089 1878 2131 eorum
1923 2087 2259 2130 numerum
2308 2064 2514 2129 refert

193 2171 526 2258 Sedigitas
570 2172 913 2246 Licinium,
958 2173 1255 2247 Atilium,
1301 2172 1698 2243 Terentium,
1748 2180 1910 2256 quos
1959 2170 2321 2237 fabularum
2370 2193 2514 2235 com

189 2277 440 2342 fusione
486 2300 637 2342 usos
683 2300 881 2362 supra
926 2278 1280 2342 docuimus.
1375 2277 1725 2356 Quomodo
1788 2277 1998 2364 poetis
2044 2277 2317 2341 multum
2359 2300 2513 2361 pro-

190 2385 417 2450 fecisse
459 2384 525 2448 in
578 2388 813 2469 aperto·
853 2387 973 2456 est,
1037 2406 1237 2466 quum
1300 2383 1571 2459 vincula,
1632 2385 1864 2468 quibus
1925 2384 2006 2449 ab
2067 2383 2205 2448 aliis
2249 2384 2511 2448 comicis

192 2494 331 2553 erat
375 2489 618 2553 inclusa
663 2487 1011 2560 comoedia,
1062 2490 1264 2574 magis
1309 2488 1658 2572 abjicerent
1704 2512 1945 2574 suaque
1976 2491 2265 2575 ipsorum
2312 2488 2516 2554 indoli,

189 2600 256 2659 et
299 2596 553 2679 ingenio
601 2595 807 2678 magis
852 2594 1170 2658 confidere
1215 2596 1597 2680 coepissent.
1639 2683 1642 2686 Δ
1690 2593 1887 2674 Quod
1933 2595 2508 2670 considerantibus,

189 2705 287 2775 ut,
348 2700 521 2765 unde
580 2699 854 2786 profecti
916 2722 1139 2766 snmus
1183 2705 1608 2772 revertamur,
1641 2699 1642 2702 ’
1671 2701 2016 2766 Terentius
2077 2701 2316 2784 majore
2361 2721 2516 2764 sane

190 2807 378 2876 laude
402 2812 471 2871 'et
494 2805 737 2871 honore
768 2806 1001 2891 dignus
1032 2806 1309 2882 videtur,
1358 2830 1551 2891 quam
1576 2806 1907 2893 Turpilius
1940 2812 2008 2872 et
2030 2806 2303 2887 Trabea,
2333 2805 2518 2889 quod

191 2918 491 2979 naturam
536 2912 748 2998 poesis
792 2913 1030 2977 rectius
1078 2912 1468 2998 perspiciens
1493 2916 1560 2976 et
1590 2913 1846 2999 ingenio
1876 2913 2138 2997 adjutus
2169 2910 2514 2976 latioribus

189 3018 424 3083 finibus
468 3020 753 3084 coercuit
800 3022 867 3082 et
914 3018 996 3081 ad
1029 3018 1325 3084 altiorem
1360 3018 1773 3104 perfectionis
1803 3020 2079 3104 gradum
2112 3015 2514 3084 comoediam

191 3125 509 3209 provexit.
830 3199 831 3202 Ἴ
1536 3135 1541 3142 ’
1825 3181 1828 3183 ,

368 3228 699 3295 Canonem
742 3230 950 3314 igitur
994 3232 1289 3295 nostrum
1334 3229 1390 3293 si
1435 3230 1754 3305 invertas,
1817 3229 2032 3304 facile,
2100 3225 2363 3312 opinor,
2418 3223 2510 3287 in-

189 3335 440 3421 telliges
490 3335 862 3400 comoediae
916 3334 1216 3420 palliatae
1274 3334 1590 3419 ‘originem
1638 3341 1707 3400 et
1762 3355 2144 3419 progressus
2169 3379 2170 3382 ,
2200 3354 2240 3394 a
2282 3329 2516 3416 primis

189 3440 587 3506 incunabulis
643 3464 847 3525 usque
904 3441 991 3504 ad
1048 3440 1271 3505 florem
1330 3440 1597 3526 perduci
1656 3445 1725 3505 et
1781 3438 2064 3526 proponi
2099 3459 2140 3502 a
2186 3434 2514 3521 Sedigitas

189 3547 356 3614 Nam
414 3548 722 3633 incipiens
766 3546 859 3611 ab
903 3546 1140 3620 Ennio,
1186 3544 1329 3632 (cui
1376 3546 1639 3612 honoris
1698 3549 1893 3632 atque
1952 3543 2195 3629 gloriae
2251 3545 2512 3606 tantum

190 3676 402 3729 causa,
469 3676 598 3738 qua
655 3651 783 3718 fuit
850 3652 1026 3738 apud
1070 3652 1420 3727 Romanos,
1490 3676 1618 3717 non
1666 3655 1797 3714 tam
1845 3653 2115 3734 proptor
2158 3647 2518 3713 comoediam

189 3782 357 3833 rum,
403 3781 596 3843 quam
646 3762 918 3845 propter
961 3758 1462 3843 tragoediarum,
1520 3756 1817 3842 inprimis
1875 3754 2198 3820 annalium
2241 3775 2516 3836 suorum·

191 3864 420 3932 merita
461 3866 631 3930 iuter
670 3865 967 3930 comicos·
1002 3864 1379 3930 conceditur
1420 3863 1630 3949 locus)
1691 3860 1798 3945 qui
1843 3860 2173 3926 'vertendo
2220 3858 2514 3925 Graecas

186 3968 436 4036 fabulas
481 3969 735 4044 docuit·
768 3992 876 4036 cos
902 3968 1165 4055 profert
1190 3975 1437 4056 poetas,
1487 3968 1638 4051 quai,
1665 3985 2076 4051 quamquam,
2123 3969 2199 4032 ut
2237 3964 2512 4040 Ennius,

188 4098 383 4144 unam
429 4074 712 4140 fabulam
747 4074 1069 4142 Graecam
1109 4076 1489 4142 imitandam
1524 4076 1958 4159 sumpserunt,
2004 4076 2223 4136 tamen
2254 4092 2383 4135 non
2409 4091 2520 4136 so*

188 4180 322 4246 lum
368 4180 528 4245 benc
574 4181 884 4253 vertendi,
951 4181 1065 4246 sed
1112 4182 1306 4246 etiam
1363 4181 1559 4244 alium
1617 4180 1737 4244 sibi
1784 4179 2264 4264 proposuerunt
2318 4175 2522 4242 finam

190 4291 255 4352 et
299 4286 552 4369 assequi
599 4286 1027 4352 studuerunt.⁴
1076 4286 1588 4352 Nam-Luscius.
1617 4285 1857 4368 majore
1900 4282 2522 4369 religionessquens·
