2946 4761
1467 234 1543 289 17

332 455 497 505 mus,
544 428 652 495 ina
695 424 1223 498 testimonia,-.ut
1267 419 1694 487 fundamenta
1737 418 1920 501 quasi
1972 420 2238 482 nostrae
2279 414 2662 500 disputatio-

330 539 433 605 nis
468 535 809 620 jaciamus,
857 527 1214 616 colligenda
1258 531 1325 590 et
1371 523 1794 611 proponenda
1837 523 2154 589 videntur.

424 659 685 724 Varro
728 653 903 740 apud
950 650 1229 716 Nonium
1279 644 1447 712 dicit*
1482 669 1538 733 p.
1577 653 1741 711 37⁴4:
1803 678 1830 693 ’-

602 761 724 839 „ln
765 749 1176 824 sermonibus
1222 753 1501 819 Plautus
1545 752 1759 838 poscit
1806 749 2151 837 palmam“,

424 869 596 933 idem
644 865 820 953 apud
869 861 1142 943 Quintil.
1170 861 1335 925 inst.
1372 863 1536 922 orat.
1568 862 1647 931 X,
1686 866 1740 930 1,
1777 864 1938 922 992.

606 972 839 1050 „Licet
882 963 1133 1043 Varro,
1189 966 1422 1031 Musas
1466 963 1631 1028 Aeiii
1675 961 1948 1028 Stilonis
2000 954 2336 1026 sententia.¹
2363 960 2665 1025 Plautino

695 1073 930 1163 (dicat)
950 1061 1257 1137 sermone·
1274 1071 1605 1136 locuturas
1620 1062 1856 1142 fuisse,
1871 1068 1925 1130 si
1950 1067 2145 1131 latine
2167 1066 2344 1150 loqui
2359 1065 2666 1131 vellentfi‘

440 1201 736 1268 Cicero
771 1198 850 1262 de
884 1197 988 1261 off.
1021 1201 1072 1272 I,
1107 1203 1208 1270 29,
1249 1202 1362 1259 12:

609 1305 951 1381 „Alterum
985 1301 1216 1388 (genus
1231 1298 1523 1385 jocandi)
1555 1298 1830 1383 elegans,
1864 1295 2203 1370 urbanum,
2235 1293 2665 1380 ingeniosum,

699 1408 978 1473 facetum
999 1420 1025 1483 ς’
1080 1428 1208 1491 quo
1268 1425 1502 1490 genere
1561 1427 1687 1467 non
1747 1402 1941 1466 modo
1997 1392 2269 1468 Plautus
2326 1403 2546 1464 noster
2602 1404 2670 1464 et

699 1515 1070 1580 Atticorum
1133 1511 1397 1599 antiqua
1443 1508 1806 1581 comoedia,
1857 1508 1975 1571 ‘sed
2022 1508 2215 1579 etiam
2265 1505 2670 1593 philosopho-

699 1630 864 1684 rum'
893 1617 1374 1682 Socraticorum
1420 1614 1568 1678 libri
1612 1613 1836 1678 referti
1860 1619 2097 1677 ⁴sunt.“

438 1744 814 1809 Horatius
845 1741 1053 1806 tribus
1085 1739 1239 1804 locis
1273 1738 1489 1803 Plauti
1526 1736 1910 1801 mentionem
1946 1735 2129 1801 facit·

422 1849 558 1936 Ep
593 1855 678 1923 ΙΙ,
725 1857 780 1925 1,
817 1855 935 1913 58:
1891 1842 2197 1918 „Dicitur

656 1952 930 2018 Plautus
977 1952 1056 2017 ad
1104 1915 1431 2037 exemplar
1480 1947 1678 2014 Siculi
1726 1970 2072 2039 properare
2115 1947 2555 2035 Epicharmif‘

437 2077 594 2141 ibid·
641 2099 701 2139 v.
742 2084 895 2139 171:

1497 2137 1842 2269 „Adspice,
1891 2176 2164 2253 Plautus

667 2284 818 2366 Quo
865 2289 1056 2373 pacto
1104 2289 1321 2371 partes
1369 2288 1623 2348 tutet-ur
1668 2283 1942 2346 amantis
1987 2281 2213 2368 ephebi

665 2392 758 2459 Ut
800 2393 1007 2479 patris
1054 2376 1320 2465 attenti,
1367 2390 1610 2454 lenonis
1656 2395 1731 2453 ut
1771 2389 2078 2461 insidiosi,

663 2487 965 2579 Quantus
1011 2498 1098 2561 sit
1144 2497 1523 2561 Dossennus
1570 2495 1870 2560 edacibus
1915 2496 1978 2559 in
2011 2494 2345 2580 parasiti&

664 2603 878 2684 Quam
926 2628 1055 2668 non
1101 2602 1416 2668 adstricto
1461 2608 1799 2690 percurrat
1846 2600 2098 2688 pulpita
2141 2622 2357 2666 socco:

666 2708 887 2774 Gestit
933 2711 1097 2774 enim
1147 2731 1478 2772 nummum
1527 2708 1590 2771 in
1634 2706 1878 2771 loculos
1910 2706 2277 2783 demittere,
2324 2710 2478 2793 post
2520 2704 2678 2771 haec

673 2789 1209 2886 SecuruS,ct‹1at
1255 2837 1336 2877 an
1384 2817 1562 2877 recto
1609 2818 1738 2877 stet
1781 2811 2002 2875 sabula
2048 2811 2203 2875 talo.
2213 2823 2251 2852 ‘⁶

449 2916 618 2980 idem
653 2923 772 2981 art.
806 2922 984 3004 poet.
1017 2941 1075 2980 v.
1113 2926 1274 2982 270·

626 3024 766 3099 „At
811 3023 1017 3086 nostri
1064 3025 1286 3110 proavi
1333 3024 1675 3088 Plautinos
1722 3028 1787 3087 et
1833 3044 2130 3086 numeros
2178 3024 2244 3086 et

668 3113 1051 3196 Laudavere
1099 3129 1288 3205 sales,
1337 3131 1602 3193 nimium
1655 3130 1971 3236 patienter
2017 3099 2392 3213 utrumque,

664 3233 764 3300 Ne
813 3234 1024 3299 dicam
1072 3234 1269 3298 stulte
1316 3236 1597 3299 miratif‘

449 3355 596 3422 Huc
642 3329 890 3423 accedit
936 3357 1277 3422 Volcatius
1326 3355 1694 3443 Sedigitas:

627 3462 941 3536 „Plautus
989 3464 1305 3528 secundus
1350 3462 1534 3528 facile
1577 3468 1925 3549 exsuperat
1970 3469 2279 3530 ceteros.“

420 3609 423 3616 ·
539 3580 797 3648 ,Iudicia
852 3586 1056 3671 igitur
1119 3587 1199 3650 de
1246 3586 1485 3650 Plauto
1542 3609 1733 3670 quam
1795 3587 1963 3651 inter
2008 3609 2075 3650 se
2121 3585 2453 3663 differant,
2499 3585 2685 3652 facile

361 3683 685 3772 intelligis,
732 3710 928 3771 quum
963 3691 1255 3777 inprimis
1289 3691 1608 3756 Horatius
1654 3693 1996 3778 vituperet,
2046 3692 2219 3776 quod
2264 3691 2371 3758 alii
2402 3691 2683 3764 laudent.

364 3787 778 3876 Quamquam
825 3816 975 3860 sane
1011 3797 1296 3869 Horatii,
1346 3798 1439 3860 rei
1472 3798 1762 3883 poeticae
1795 3798 2185 3883 peritissimi,
2233 3821 2485 3866 summa
2515 3799 2684 3870 ratio

363 3893 659 3961 habenda.
719 3903 852 3973 est,
915 3904 1127 3968 tamen
1185 3902 1558 3982 dicendum,
1621 3902 1811 3968 hosce
1860 3906 2061 3977 viros,
2109 3926 2384 3987 quorum
2433 3903 2687 3998 diversa

364 3997 448 4068 de
476 4023 603 4066 uno
649 4003 1002 4087 eodemque
1036 4011 1226 4090 poeta
1259 4008 1511 4071 miraris
1535 4008 1797 4092 judicia,
1844 4010 2097 4072 diverso
2131 4013 2425 4095 tempore
2454 4010 2687 4075 vixisse

365 4107 431 4166 et
484 4108 831 4192 scripsisse.
926 4110 1204 4176 Vivebat
1271 4114 1438 4180 enim
1486 4113 1821 4177 Horatius
1887 4119 2100 4178 aetate
2167 4115 2492 4200 Augusti,
2559 4136 2689 4198 qua

363 4230 547 4276 amor
589 4215 824 4279 artium
871 4216 1363 4303 litterarumque
1409 4218 1849 4283 Romanorum
1906 4220 2152 4283 animos
2199 4220 2577 4305 impleverat
2620 4223 2689 4284 et

2269 4332 2305 4387 2
