2946 4761
1528 260 1606 316 13

1350 345 1459 351 -4--07
1466 346 1489 350 -<
1497 344 1769 352 «ww

395 447 772 519 excitandos
803 452 1023 532 aptam
1054 446 1320 536 elegisse
1351 469 1622 531 eamque
1666 447 1762 510 ita
1793 446 2173 510 instruxisse
2218 450 2286 510 et
2317 467 2597 521 ornasse,
2642 450 2721 512 ut
2778 524 2788 532 ἢ

391 553 740 619 artificiose
768 550 1096 638 implicitis
1143 550 1333 616 rebus
1366 552 1916 639 suspenderentur
1962 556 2032 616 et
2060 551 2261 616 hilare
2296 550 2525 616 solutis
2555 551 2718 617 dele-

396 663 728 725 ctarentur
750 656 947 722 animi
968 658 1415 743 spectantium.
1458 655 1685 742 Neque
1709 664 1921 721 tamen
1946 657 2239 743 profecto
2263 658 2717 739 contenderim,

393 765 648 852 ingenia
678 768 747 828 et
780 785 990 827 mores
1021 784 1462 848 personarum,
1515 762 1566 826 si
1599 762 1743 847 quis
1773 764 2021 828 animos
2053 764 2482 849 spectantium
2506 763 2603 827 vel
2634 763 2717 828 le-

393 871 683 957 gentium
717 868 873 933 velit
905 868 1336 933 oblectatione
1366 873 1605 942 tenere,
1641 886 1908 954 prorsus
1931 868 2169 956 negligi
2196 891 2406 954 posse,
2439 869 2552 933 sed
2585 869 2717 933 uni-

391 977 621 1060 cuique
641 974 828 1039 facile
860 979 1268 1061 perspectum
1295 975 1438 1048 erit,
1473 995 1782 1060 personas
1805 975 1869 1038 in
1894 995 2082 1038 scena
2104 977 2390 1065 agentes,
2424 973 2715 1059 quamvis

394 1104 644 1146 summa
674 1086 813 1145 arte
842 1080 1167 1166 ingenium
1196 1102 1538 1164 moresque
1561 1079 1981 1154 delineentur,
2027 1101 2354 1163 nunquam
2377 1079 2444 1143 in
2481 1080 2717 1144 miseri-

394 1187 675 1251 cordiam
722 1185 821 1251 vel
868 1207 1150 1249 amorem
1192 1185 1290 1249 vel
1323 1185 1542 1249 odium
1575 1188 2016 1271 spectatorum
2055 1188 2359 1249 venturas
2391 1207 2548 1260 esse,
2594 1185 2715 1249 nisi

394 1315 613 1358 earum
646 1292 817 1356 vitae
841 1295 906 1355 et
937 1313 1153 1355 rerum
1188 1290 1471 1355 conditio
1503 1291 1598 1355 ita
1630 1291 1716 1354 sit
1739 1291 2076 1365 instructa,
2110 1295 2185 1355 ut
2208 1312 2337 1366 eos,
2372 1292 2482 1375 qui
2504 1290 2714 1377 adspi-

390 1399 586 1473 ciant,
613 1400 1037 1461 commoveat.
1085 1394 1219 1475 Qui
1251 1396 1452 1482 igitur
1484 1401 1678 1482 poeta
1698 1395 1935 1460 latinus
1966 1395 2215 1460 animos
2247 1395 2570 1461 oblectare
2592 1395 2728 1460 vele

391 1504 503 1584 let,
533 1504 600 1567 id
622 1502 913 1589 inprimis
945 1496 1251 1585 quaerere
1273 1500 1575 1576 debebat,
1609 1505 1684 1565 ut
1706 1500 1972 1567 haberet
1996 1506 2449 1587 argumentum
2481 1505 2714 1567 natura

394 1633 510 1674 sua
531 1610 663 1695 jam
695 1609 995 1673 idoneum
1028 1607 1112 1670 ad
1143 1606 1644 1671 commovendos
1676 1607 1944 1684 animos,
1993 1630 2203 1672 mores
2225 1630 2379 1672 vero
2418 1606 2578 1683 bene
2610 1607 2713 1671 de-

392 1715 666 1780 scribere
699 1714 979 1780 secundo
1009 1712 1151 1777 loco
1197 1713 1253 1776 ei
1285 1717 1426 1776 erat
1468 1713 1898 1799 propositum.
1978 1711 2233 1792 Quibus
2280 1717 2495 1777 autem
2527 1735 2714 1798 argu-

392 1825 621 1885 mentis
651 1819 940 1885 homines
974 1819 1249 1883 maxime
1281 1817 1585 1883 delectari
1620 1818 1869 1885 solent?
1930 1818 2100 1892 Non,
2132 1825 2314 1904 puto,
2342 1840 2515 1892 mere
2541 1817 2711 1882 fictis

389 1932 454 1990 et
485 1926 743 2001 talibus,
801 1946 964 2010 quae
1020 1948 1058 1988 a
1088 1925 1362 1989 veritate
1405 1928 1471 1988 et
1511 1924 1840 1988 hominum
1872 1924 2124 1988 ratione
2155 1929 2221 1989 et
2251 1924 2712 1989 consuetudine

388 2033 648 2096 omnino
693 2032 901 2095 aliena
932 2031 1079 2107 sint,
1129 2031 1242 2094 sed
1272 2030 1348 2092 iis
1381 2029 1574 2094 rebus
1609 2029 1884 2093 maxime
1927 2033 2249 2093 attentum
2284 2030 2567 2093 animum
2599 2051 2710 2094 eos

388 2136 627 2202 habere
658 2138 978 2210 existimo,
1027 2158 1207 2222 quas,
1257 2135 1552 2219 quamvis
1600 2136 1729 2199 sint
1776 2136 2074 2198 detortae
2119 2138 2186 2199 et
2216 2156 2575 2220 perversae,
2620 2139 2712 2199 tap

390 2263 534 2306 men
567 2243 822 2328 saepius
852 2244 1022 2306 inter
1053 2240 1343 2306 homines
1375 2245 1674 2327 spectare
1704 2240 1871 2316 licet,
1920 2243 1989 2305 et
2012 2262 2176 2324 quae
2208 2240 2540 2305 hominum
2587 2263 2712 2304 ser-

389 2347 684 2413 monibus
725 2347 1043 2432 factisque
1089 2350 1242 2413 sunt
1287 2346 1640 2434 depravata
1682 2346 1779 2411 vel
1828 2347 2087 2411 detorta
2132 2360 2540 2433 summopere
2584 2347 2711 2411 ani-

391 2477 529 2519 mos
575 2453 858 2542 plebejos
889 2475 1293 2519 commovere
1327 2454 1554 2518 solent.
1620 2452 1690 2517 Si
1723 2452 1924 2538 igitur
1955 2457 2412 2538 argumentum
2447 2451 2710 2518 Caecilii

387 2560 712 2637 laudatur,
761 2584 903 2625 eam
949 2560 1029 2624 ab
1068 2582 1336 2624 causam
1383 2559 1451 2622 id
1494 2557 1743 2624 factum
1788 2557 2092 2633 arbitror,
2147 2559 2321 2643 quod
2365 2559 2468 2623 hic
2514 2565 2710 2646 poeta

388 2665 549 2729 tales
590 2666 955 2730 comoedias
987 2666 1265 2752 scripsit,
1300 2687 1486 2749 quae,
1533 2687 1730 2748 quum
1765 2686 1866 2728 res
1898 2670 1964 2728 et
1995 2687 2325 2750 personae,
2369 2688 2535 2750 quae
2566 2686 2707 2751 age-

389 2768 644 2843 bantur,
691 2769 772 2834 ab
804 2771 1130 2835 hominum
1157 2772 1327 2835 vitae
1358 2771 1726 2835 conditione
1755 2792 1883 2835 non
1917 2776 2048 2833 tam
2084 2776 2299 2835 essent
2323 2771 2584 2846 alienae,
2631 2775 2708 2835 ut

390 2878 787 2960 spectatores
832 2875 992 2939 tales
1039 2877 1317 2940 existere
1366 2876 1464 2941 vel
1513 2876 1740 2939 saltem
1793 2874 1977 2938 facile
2030 2876 2309 2940 existere
2369 2898 2561 2962 posse
2607 2898 2704 2941 co·

387 2987 790 3065 gnoscerent‚
825 2980 1065 3056 oculos,
1100 3003 1309 3056 aures,
1359 2986 1603 3046 mentes
1626 2980 1812 3045 facile
1845 2980 2266 3045 delectatione
2296 2980 2703 3059 obtinebant,

387 3088 461 3148 ut
491 3084 690 3149 verbo
721 3085 1032 3161 dicamus,
1069 3085 1420 3151 Caecilium
1455 3088 1540 3152 ob
1573 3087 1909 3152 veritatem
1944 3087 2312 3172 argumenti
2342 3110 2380 3150 a
2412 3087 2707 3153 Varrone

388 3190 825 3275 praedicatum
869 3192 1087 3257 fuisse.

562 3313 872 3378 Venimus
917 3316 1000 3379 ad
1046 3315 1525 3391 Horatium,
1574 3316 1756 3401 cujus
1797 3316 2236 3381 testimonium
2284 3319 2384 3380 est
2413 3317 2707 3401 gravissi-

388 3439 582 3493 mum,
631 3421 804 3503 quod
849 3443 978 3485 non
1024 3425 1158 3485 tam
1203 3421 1428 3508 ipsius,
1477 3444 1671 3505 quam
1721 3422 2079 3506 aequalium
2127 3420 2478 3507 profertur.
2525 3420 2708 3487 Dicit

385 3523 549 3586 enim
597 3523 719 3610 Ep.
753 3530 838 3601 II,
877 3534 933 3601 1,
970 3535 1082 3592 59:

788 3650 792 3654 ·
1653 3615 1959 3690 „Dicitur

692 3718 965 3784 Vincere
1012 3719 1332 3785 Caecilius
1377 3721 1717 3806 gravitate,
1763 3720 2109 3785 Terentius
2153 3724 2353 3785 arte.“

559 3822 660 3888 Ut
704 3828 896 3899 recte,
945 3848 1110 3910 quae
1153 3827 1417 3891 Horatii
1463 3827 1544 3891 de
1591 3823 1874 3890 Caecilio
1917 3824 2117 3890 fuerit
2164 3827 2500 3902 sententia,
2537 3825 2707 3911 judi-

382 3949 527 3993 care
586 3931 942 4016 possimus,
989 3933 1404 3997 statuendum
1466 3937 1598 4024 est,
1659 3931 1814 4015 quid
1870 3930 2137 3995 vocibus
2183 3933 2591 4017 „gravitate“
2638 3936 2706 3996 et

381 4039 608 4108 „arte“
652 4036 1010 4122 significare
1056 4038 1330 4102 voluerit
1375 4042 1593 4123 poeta.
1675 4035 2083 4102 Gravitatem
2138 4043 2205 4101 et
2249 4042 2454 4102 artem
2503 4059 2703 4122 quum

380 4138 502 4203 sibi
546 4142 883 4228 oppositas
929 4143 1051 4209 hoc
1094 4144 1237 4208 loco
1283 4143 1651 4218 videamus,
1712 4142 1847 4205 sine
1890 4141 2089 4207 dubio
2135 4142 2341 4208 altera
2385 4145 2469 4208 ad
2509 4148 2705 4208 mate-

378 4244 540 4310 riam
586 4248 684 4312 vel
732 4253 1221 4335 argumentum,
1284 4248 1490 4314 altera
1537 4270 1689 4313 vero
1738 4246 1820 4312 ad
1866 4244 2144 4312 formam
2189 4247 2521 4314 referenda
2564 4252 2701 4325 est3
