2946 4761
1454 294 1648 386 --43--

1352 381 1429 386 ..ἡ
1438 381 1450 385 -
1525 381 1578 386 --
1651 380 1752 387 ,ῃ

383 483 875 570 comprobatum
920 486 1041 558 est,
1087 483 1394 547 Luscium
1426 504 1692 568 operam
1725 480 1995 556 dedisse,
2041 484 2117 546 ut
2145 479 2519 546 comoediae
2551 501 2704 546 suae

384 590 711 676 placerent
756 587 1018 674 populo,
1063 588 1406 652 Terentius
1451 587 1645 651 docet
1675 587 1716 650 l.
1750 608 1828 660 c.,
1873 590 2073 670 atque
2101 586 2465 672 Turpilium
2505 588 2702 651 unam

382 695 664 761 fabulam
714 692 1035 760 Graecam
1081 696 1374 758 secutum
1429 693 1726 763 addendo
1787 695 1856 756 et
1907 691 2222 759 demendo
2268 691 2439 756 haud
2484 693 2703 778 inepte

382 801 782 887 voluptatem
830 803 897 864 et
941 798 1428 863 delectationem
1487 798 1775 882 injecisse
1821 798 2333 882 spectatoribus,
2380 797 2706 862 verisimil,

381 909 604 972 limum
667 903 979 970 habemus
1023 926 1230 989 neque
1274 903 1603 990 profecto,
1663 903 1838 988 quid¹
1871 901 2019 968 huic
2064 903 2421 968 sententiae
2466 904 2703 979 obstet,

381 1013 697 1077 videmus.
735 1049 824 1059 --
2601 1011 2606 1015 ’

560 1117 756 1182 Dicet
803 1115 1073 1180 forsitan
1118 1115 1374 1198 aliquis,
1437 1115 1490 1177 si
1535 1112 1869 1200 Sedigitas
1915 1115 1979 1177 in
2026 1114 2477 1180 constituendo
2517 1115 2706 1179 comi-

386 1246 608 1288 corum
670 1223 893 1288 ordine
951 1220 1327 1286 facultatem
1390 1219 1462 1282 τὸ
1526 1219 1736 1294 πάθος
1793 1219 2237 1284 commovendi
2299 1221 2704 1306 respexisset,

384 1330 689 1394 Terentio
734 1327 1120 1406 inferiorem,
1171 1349 1360 1410 quam
1393 1325 1689 1412 Turpilio
1733 1329 1799 1389 et
1828 1324 2139 1401 Trabeae,
2185 1326 2447 1389 honoris
2492 1326 2706 1391 locum

384 1434 637 1509 deberi,
699 1434 938 1519 quippe
998 1431 1231 1515 quibus
1292 1432 1386 1495 vis
1445 1430 1720 1506 comica,
1791 1453 1955 1514 quae
1998 1431 2372 1496 Terentium
2427 1430 2705 1507 deficiat,

384 1540 672 1615 affuerit3
719 1562 865 1603 nam
913 1538 965 1602 si
1012 1537 1175 1602 banc
1218 1536 1470 1601 unicam
1528 1536 1652 1600 sibi
1697 1538 2076 1623 sumpsisset
2118 1538 2406 1623 regulam
2455 1536 2705 1624 Sedigi-

383 1650 524 1721 tus,
583 1643 1017 1708 constituendi
1074 1643 1466 1708 comicorum
1528 1643 1852 1717 ordinem,
1925 1643 2193 1707 aliarum
2251 1665 2464 1707 rerum
2527 1665 2707 1729 prae-

384 1753 658 1816 stantiae
720 1756 788 1815 et
843 1749 1230 1834 elegantiae,
1292 1748 1524 1832 quibus
1569 1747 1914 1812 Terentius
1961 1749 2328 1824 enituisset,
2388 1750 2703 1814 rationem

383 1856 621 1922 babere
665 1857 723 1920 ei
769 1878 897 1920 non
941 1856 1216 1919 licuisse.
2635 1856 2640 1859 ’

557 1960 841 2027 Videtur
886 1983 1036 2024 sane
1071 1961 1220 2045 jure
1264 1983 1384 2024 suo
1429 1960 1823 2045 superiorem
1882 1961 2093 2024 locum
2140 1960 2430 2029 obtinere
2473 1960 2708 2025 Teren-

383 2069 535 2144 tius,
580 2068 637 2129 si
680 2066 864 2143 hanc,
913 2088 1105 2151 quam
1152 2066 1502 2131 statuimus
1546 2065 1772 2151 legem,
1822 2072 2081 2130 secutus
2127 2070 2226 2130 est
2271 2087 2419 2130 vere
2462 2065 2708 2152 Sedigi-

386 2178 512 2238 tus.
587 2173 718 2237 Res
748 2172 949 2257 igitur
979 2171 1241 2236 uberius
1272 2171 1677 2257 explananda
1705 2175 1841 2247 est3
1889 2176 2217 2236 auctorem
2251 2175 2546 2236 nostrum
2591 2172 2708 2236 cri-

386 2280 552 2344 mine
594 2278 925 2343 facilitatis
971 2283 1036 2342 et
1080 2278 1551 2345 inconstantiae
1597 2276 1868 2341 liberare
1915 2278 2242 2351 conaturi,
2292 2280 2548 2363 poetas,
2595 2278 2705 2362 qui

382 2386 688 2451 Terentio
739 2389 1256 2472 postponuntur,
1305 2384 1784 2449 consideremus
1830 2388 1896 2448 et
1949 2384 2031 2449 ab
2075 2383 2288 2449 Ennio
2334 2384 2564 2448 ultimo
2607 2406 2705 2449 or-

384 2492 653 2559 diamur.

562 2597 848 2673 Scimus,
907 2597 1209 2662 Ennium
1252 2596 1623 2683 tragoedias
1668 2598 1738 2660 et
1782 2595 2147 2660 comoedias
2201 2593 2566 2681 scripsisse3
2612 2617 2711 2659 co-

386 2704 781 2767 moediarum
841 2701 996 2766 nihil
1048 2703 1168 2766 nisi
1226 2706 1360 2766 tres
1423 2724 1645 2768 versus
1706 2706 1990 2777 restant,
2028 2705 2256 2785 *atque
2309 2701 2396 2772 de
2435 2701 2708 2775 ratione,

386 2828 578 2891 quam
612 2808 690 2870 ,in
730 2808 811 2870 iis
857 2806 1206 2870 scribendis
1253 2806 1650 2881 adhibuerit,
1706 2806 1861 2869 nihil
1908 2830 1950 2869 a
1990 2806 2317 2871 veteribus
2361 2807 2670 2870 traditum
2685 2827 2710 2882 ’ς

387 2912 754 2997 tragoedias
800 2931 952 2975 vero
999 2933 1034 2975 e
1081 2910 1351 2976 Graecis
1395 2911 1612 2976 versas
1657 2911 1860 2976 tradit
1909 2910 2157 2976 Gellius
2197 2910 2306 2975 lib.
2338 2916 2453 2986 XI,
2494 2934 2633 2998 cap,
2667 2919 2709 2976 4

386 3019 636 3083 dicens:
697 3017 988 3093 „Versus
1042 3016 1376 3102 Euripidis
1436 3016 1522 3097 Q.
1570 3016 1851 3092 Ennius,
1910 3039 2107 3101 quum
2163 3018 2297 3101 ejus
2344 3017 2711 3104 tragoedias

383 3128 700 3200 verteret,
764 3145 891 3187 non
937 3144 1092 3187 sane
1137 3123 1541 3187 incommode
1585 3122 1943 3186 aemulatus
1999 3128 2161 3187 est.“
2238 3120 2489 3201 Quodsi
2539 3126 2710 3187 tra-

386 3227 741 3315 goedias
773 3227 1069 3294 vertebat
1103 3228 1409 3305 Graecas,
1453 3228 1610 3311 quid
1641 3227 1878 3304 obstet,
1929 3230 2082 3313 quin
2113 3233 2181 3293 et
2226 3228 2708 3293 comoedias

388 3356 424 3398 e
476 3333 743 3400 Graecis
788 3357 934 3401 eum
982 3335 1251 3402 vertisse
1298 3336 1647 3419 putemus?
1716 3334 1816 3399 Ut
1837 3335 2244 3419 juventutem
2289 3336 2354 3398 in
2401 3334 2710 3420 cognitio-

385 3460 533 3503 nem
577 3462 790 3504 rerum
839 3439 1238 3505 Graecarum
1284 3439 1618 3505 induceret
1670 3440 1814 3505 Liv.
1863 3440 2299 3515 Andronicus,
2346 3440 2711 3525 librumque

387 3543 653 3609 haberet
712 3568 841 3630 quo
898 3550 1197 3611 uteretur
1257 3546 1340 3609 ad
1398 3546 1780 3611 docendam¹
1814 3547 2034 3632 poesin
2093 3549 2374 3633 epicam,
2432 3543 2710 3612 Homeri

388 3648 752 3737 Odysseam
822 3653 1020 3717 vertit
1083 3673 1290 3736 neque
1356 3651 1493 3715 sine
1557 3673 1752 3716 causa
1817 3673 1938 3717 nos
2001 3651 2310 3739 suspicari
2378 3657 2705 3739 putamus,

387 3756 715 3841 aequalem
776 3755 911 3821 fere
954 3757 1234 3822 Ennium
1297 3758 1665 3822 comoedias
1723 3766 1973 3823 vertere
2026 3763 2325 3824 conatum
2385 3779 2525 3824 esse
2546 3805 2563 3833 ‚
2630 3763 2711 3822 ut

387 3863 677 3926 studium
718 3867 786 3926 et
830 3863 1121 3948 cognitio
1161 3863 1401 3936 theatri
1436 3862 1680 3929 Graeci
1716 3865 1900 3928 inter·
1927 3865 2255 3929 Romanos
2301 3863 2711 3949 pervulgare-

386 3971 515 4031 tur.
592 3966 782 4047 Quae
826 3990 928 4032 res
968 3968 1029 4034 ⁴si
1071 3968 1167 4032 ita
1208 3991 1276 4033 se
1318 3968 1561 4034 habent
1620 3975 1686 4035 et
1732 3970 2013 4040 Ennium
2071 3969 2365 4055 religiose
2409 3972 2478 4034 et
2522 3970 2712 4034 anxie

386 4072 750 4138 comoedias
783 4071 1067 4138 Graecas
1097 4075 1369 4139 vertisse
1398 4080 1573 4139 recte
1599 4074 1972 4146 statuimus,
2021 4096 2138 4139 suo
2170 4075 2319 4159 jure
2349 4076 2413 4139 in
2445 4096 2709 4140 recensu

385 4179 778 4244 comicorum
825 4179 1125 4244 ultimum
1174 4178 1426 4244 obtinet
1467 4179 1697 4247 locum.
1778 4180 1947 4246 Nam
1996 4181 2312 4246 serviliter
2360 4181 2708 4268 premendo

384 4285 776 4371 exemplaria
819 4283 1079 4352 Graeca
1122 4289 1189 4348 et
1234 4287 1546 4350 vertendo
1588 4287 1832 4352 nullum
1884 4293 2064 4351 certe*
2099 4287 2159 4352 ei
2205 4288 2481 4360 debetur
2526 4286 2710 4351 meri-
