2946 4761
1344 256 1482 346 ¹⁶.
1563 342 1596 347 W
1723 243 1743 259 ,.

402 441 762 526 Postquam
809 442 1011 528 igitur
1040 440 1402 507 fabularum
1437 442 1703 523 Caecilii
1737 446 2117 527 argumenta
2150 443 2322 506 vitae
2352 442 2553 507 homi-

225 571 376 613 num
425 548 837 632 quotidianae
897 552 964 612 et
1022 548 1276 612 veritati
1324 547 1765 612 convenientia
1809 551 1876 611 et
1923 540 2015 611 ita
2061 548 2413 623 instructa,
2479 556 2556 613 ut

224 653 407 719 facile
451 653 794 718 benevolos
840 658 907 717 et
949 656 1235 717 attentos
1281 653 1596 717 haberent
1642 657 2064 738 spectatores,
2109 655 2547 739 cognovimus,

223 760 506 825 omnium
554 758 636 823 de
678 757 964 824 Caecilio
1001 757 1241 843 judicia
1286 759 1459 824 hisce
1505 759 1725 845 paucis
1765 758 1975 823 verbis
2020 759 2362 844 complecti
2411 782 2548 846 pos-

222 887 478 930 sumus:

397 970 696 1035 Veritate
750 975 818 1034 et
873 969 1194 1055 gravitate
1257 974 1790 1056 argumentorum
1842 968 2192 1035 Caecilium
2248 968 2544 1035 omnibus

217 1081 566 1163 praestare.

394 1181 575 1246 Haec
618 1184 842 1246 nostra
886 1182 1203 1245 sententia
1249 1182 1303 1245 si
1348 1204 1501 1246 vera
1545 1186 1611 1246 et
1656 1182 1835 1245 recta
1880 1188 2008 1256 est,
2059 1182 2220 1245 satis
2269 1182 2543 1267 patebit,

220 1285 597 1352 Ciceronem
647 1310 903 1372 quoque
949 1287 1207 1361 eadem,
1255 1308 1382 1370 qua
1423 1291 1674 1351 ceteros
1730 1307 1922 1349 causa
1969 1292 2332 1372 permotum
2381 1309 2542 1361 esse,

217 1397 294 1457 ut
326 1391 674 1458 Caecilium
708 1414 1029 1456 summum
1081 1391 1394 1456 comicum
1443 1392 1756 1473 laudaret,
1804 1392 1884 1455 de
1915 1397 2049 1476 opt.
2085 1414 2207 1477 gen
2260 1415 2354 1456 or.
2385 1397 2436 1465 I,
2471 1400 2540 1457 2:

216 1500 491 1584 „Itaque
521 1498 671 1564 licet
701 1499 912 1563 dicere
943 1505 1011 1562 et
1041 1499 1321 1563 Ennium
1356 1520 1693 1567 ‚summum
1743 1498 1991 1583 epicum
2028 1502 2306 1583 poetam,
2355 1498 2407 1561 si
2439 1500 2539 1562 cui

215 1606 306 1669 ita
337 1605 612 1679 videtur,
661 1610 727 1668 et
773 1604 1126 1670 Pacuvium
1175 1605 1495 1690 tragicum
1543 1608 1611 1668 et
1657 1601 2116 1667 Caecilium
2164 1602 2543 1668 fortasse

212 1711 687 1775 comicum.“
779 1709 995 1790 Quam
1037 1710 1291 1775 laudem
1343 1708 1629 1775 Caecilio
1674 1731 1802 1773 non
1834 1708 2052 1773 deberi
2103 1713 2377 1794 propter
2408 1709 2536 1773 stili

212 1815 592 1900 elegantiam
663 1820 729 1879 et
799 1816 1136 1893 dictionis,
1206 1816 1373 1880 idem
1445 1814 1676 1880 Cicero
1747 1816 2004 1879 disertis
2070 1814 2281 1879 verbis
2349 1815 2536 1879 docet

210 1921 394 1989 Brut.
433 1929 550 1986 74:
599 1921 995 1996 „Caecilium
1044 1928 1110 1986 et
1156 1922 1510 1986 Pacuvium
1573 1921 1739 1986 male
1789 1921 2046 1986 locutos
2091 1921 2427 1984 videmus“
2471 1926 2539 1984 et

210 2027 394 2112 epist.
431 2028 513 2091 ad
547 2029 692 2093 Att.
728 2033 869 2102 VII,
905 2035 964 2101 3,
1005 2035 1116 2092 10:
1167 2026 1485 2103 „Secutus
1518 2050 1680 2102 sum,
1727 2050 1854 2091 non
1888 2027 2031 2091 dico
2066 2024 2416 2091 Caecilium
2449 2064 2535 2073 —
2599 2088 2602 2089 γ

211 2132 415 2196 malus
462 2133 628 2196 enim
677 2133 1016 2198 latinitatis
1071 2138 1300 2198 auctor
1345 2139 1491 2197 est“
1535 2170 1636 2197 ——.
1732 2132 1918 2196 Haec
1980 2133 2300 2197 sententia
2345 2132 2536 2218 pluri-

209 2261 382 2301 mum
445 2236 603 2302 lucis
663 2238 850 2303 affert
908 2238 1121 2303 verbis
1182 2262 1231 2306 s.
1296 2238 1681 2324 Hieronymi
1715 2260 1812 2324 ep.
1848 2237 2329 2325 adPammach.
2373 2245 2532 2301 101:
2636 2237 2648 2255 '‘

207 2342 593 2420 „Terentius
635 2343 1105 2421 Menandrum,
1154 2344 1430 2410 Plautus
1477 2349 1544 2409 et
1593 2342 1911 2409 Caecilius
1958 2348 2207 2408 veteres
2252 2343 2531 2408 comicos

205 2451 619 2535 interpretati
669 2455 886 2515 sunt.“
975 2449 1142 2515 Nam
1190 2457 1422 2539 poetae
1475 2471 1677 2515 novae
1722 2449 2090 2513 comoediae
2131 2450 2408 2522 Atticae,
2456 2455 2531 2511 ut

205 2555 596 2631 Menander,
667 2556 967 2621 valebant
1027 2558 1373 2644 praecipue
1428 2562 1569 2620 arte
1629 2561 1697 2619 et
1752 2555 2187 2620 describendis
2243 2554 2527 2619 moribus

206 2660 537 2725 hominum
586 2664 652 2724 et
696 2662 1000 2748 ingeniis3
1032 2702 1121 2711 —
1165 2685 1295 2745 quo
1325 2661 1702 2725 Terentium
1737 2682 1994 2745 quoque
2035 2662 2326 2747 inprimis
2357 2659 2526 2724 valu-

202 2766 330 2830 isse
374 2770 599 2852 postea
644 2767 1214 2832 demonstrandum
1262 2768 1421 2842 erit,
1467 2805 1557 2814 -—-
1599 2766 1876 2831 Plautus
1936 2776 2151 2831 autem
2203 2772 2268 2833 et
2315 2764 2532 2831 Caeci-

204 2870 346 2948 lius,
395 2894 823 2957 quamquam,
880 2878 958 2937 ut
1014 2895 1235 2937 omnes
1280 2872 1507 2938 comici
1552 2872 1770 2949 latini,
1824 2873 2104 2959 vestigia
2151 2872 2532 2958 premebant

202 2999 409 3042 novae
452 2979 822 3043 comoediae
867 2980 1144 3053 Atticae,
1193 3001 1332 3042 eam
1381 2978 1465 3043 ob
1512 3001 1771 3043 causam
1822 2986 2070 3043 veteres
2115 2979 2392 3042 comicos
2437 2976 2524 3037 in·

201 3084 543 3168 terpretati
588 3084 924 3159 dicuntur,
986 3083 1161 3168 quod
1207 3088 1274 3148 et
1319 3082 1468 3159 sibi,
1535 3089 1610 3148 ut
1655 3083 1809 3159 illis,
1868 3084 2271 3171 propositum
2314 3097 2524 3144 cense-

202 3187 391 3265 bant,
452 3199 528 3252 ut
589 3189 1016 3254 delectatione
1071 3196 1137 3254 et
1191 3189 1529 3275 voluptate
1588 3187 1917 3254 afficerent
1971 3209 2193 3253 sensus
2237 3189 2522 3271 spectan-

202 3294 385 3369 tium,
433 3294 499 3357 id
545 3301 664 3368 est,
710 3298 787 3358 ut
832 3294 904 3358 τὸ
954 3293 1167 3369 πάθος
1209 3299 1710 3360 commoverent.
1788 3294 2056 3358 Summo
2113 3292 2317 3378 igitur
2354 3290 2522 3376 jure,

201 3399 253 3463 si
299 3399 457 3464 haec
502 3400 823 3485 respicias,
871 3400 1177 3466 Plautum
1214 3407 1280 3466 et
1312 3398 1663 3465 Caecilium
1696 3401 2155 3485 interpretatos
2200 3397 2325 3461 dici
2357 3401 2526 3460 vete-

200 3528 308 3570 res
352 3506 632 3570 comicos
673 3507 1007 3572 concedas.

1015 3820 1087 3886 2.
1192 3816 1719 3885 Plautus.

198 3970 545 4088 Secundus
588 4018 794 4083 nostri
856 4021 1116 4085 canonis
1172 4017 1514 4084 exhibetur
1563 4017 1839 4083 Plautus
1862 4066 1877 4093 ‚
1941 4014 2358 4103 gravissimus
2417 4009 2522 4074 ille

195 4125 635 4192 Romanorum
683 4128 911 4209 poeta,
959 4125 1038 4189 de
1083 4146 1214 4207 quo
1260 4124 1464 4188 multa
1503 4124 1809 4206 variaque
1843 4121 2090 4205 judicia
2136 4117 2308 4206 apud
2354 4121 2501 4181 vete

197 4251 298 4293 res
344 4230 695 4315 scriptores
739 4230 1174 4294 inveniuntur.
1267 4230 1657 4313 Priusquam
1705 4226 1966 4293 uberius
2010 4226 2094 4291 de
2135 4247 2210 4293 eo
2257 4225 2522 4289 dissera-
