2946 4761
1558 280 1595 336 3

590 469 672 532 V.
722 476 782 532 8.
874 468 1255 551 Legendum
1304 472 1437 531 est:
1486 467 1584 542 ,‚si
1629 467 1775 542 erit,
1817 467 1996 550 'quod
2043 471 2277 550 quarto
2307 466 2517 540 detur,
2563 465 2737 529 dabi-

418 581 527 639 tur
570 575 867 638 Licinio“
915 574 1307 637 auctoritate
1339 573 1631 637 codicum
1667 571 1883 638 Guelf.
1932 575 1996 634 et
2042 593 2204 654 quos
2251 569 2522 635 contulit
2570 569 2735 636 Gro-

415 681 644 745 novius
705 678 1202 764 comprobatum
1263 701 1382 764 pro
1441 679 1540 753 ,‚si
1600 677 1755 761 quid
1815 680 2052 759 quarto
2098 675 2334 740 detur“
2382 679 2541 740 vett.
2590 677 2734 740 edd.

416 787 515 851 vel
559 806 676 872 pro
723 787 817 861 „si
868 786 1010 861 erit,
1060 785 1234 868 quod
1284 788 1545 868 quart03
1594 782 1857 846 dabitur
1902 782 2199 845 Licinio“
2245 780 2575 868 Stephani.

595 892 677 955 V.
730 899 829 956 10.
923 890 1132 959 Codd.
1165 891 1324 975 Reg.
1356 890 1557 954 Torn.
1595 887 1827 972 Guelffl
1850 887 1993 950 edd.
2026 892 2186 951 vett.
2220 888 2519 952 exhibent
2552 912 2738 965 „con-

415 998 712 1081 sequitur
757 997 919 1060 hos“
984 998 1221 1060 omissa
1280 1018 1436 1059 voce
1484 995 1733 1068 ,‚“‚loeo
1783 993 2028 1056 melius·
2054 999 2268 1059 autem
2318 994 2503 1057 metri
2549 1016 2741 1059 eausa

417 1127 562 1168 cum
611 1097 984 1166 Burmanni>
1032 1102 1112 1164 ad
1157 1100 1425 1165 Anthol.
1472 1100 1584 1163 lat.
1619 1104 1693 1173 V,
1733 1107 1789 1164 1.
1823 1121 1973 1245 pag.
2006 1106 2132 1162 411
2178 1103 2246 1162 et
2276 1099 2548 1162 Hertzio
2594 1099 2740 1185 legi-

420 1216 530 1273 tur
574 1212 1114 1291 „consequeturf‘

591 1312 828 1377 Ultimi
873 1333 1096 1377 versus
1134 1311 1360 1386 lecti0,
1411 1332 1575 1394 quae
1607 1311 1962 1386 invenitur,
2013 1311 2460 1394 „antiquitatis
2506 1319 2740 1374 ‹:“ausa

420 1420 696 1483 fortasse
758 1441 839 1481 ex
900 1418 1298 1482 correctione
1359 1416 1787 1503 grammatica
1838 1438 1959 1501 pro
2009 1427 2246 1491 „causa
2292 1416 2743 1500 antiquitatis“

427 1528 570 1587 orta
616 1530 735 1588 est.

1511 1701 1565 1781 ς.
1616 1706 1675 1762 3.

600 1825 677 1887 ln
722 1823 845 1887 hoe
877 1823 1135 1890 Volcati
1171 1821 1449 1907 Sedigiti
1496 1843 1736 1885 canone
1767 1821 2144 1906 explicando
2178 1843 2529 1904 quamqum
2563 1820 2747 1885 multi

422 1931 541 1994 viri
587 1935 654 1993 et
699 1928 1054 1993 doctissimi
1099 1928 1337 1991 versati
1382 1932 1565 2002 sunt,
1610 1932 1827 1991 tamen
1875 1929 2159 1992 nondum
2208 1928 2364 1990 satis
2408 1928 2473 1990 in
2520 1932 2748 2013 aperto

425 2058 562 2100 esse
596 2035 873 2109 videtur,
908 2057 1101 2117 quam
1135 2033 1451 2096 rationem
1490 2032 1819 2118 Sedigitus
1852 2035 1916 2096 in
1948 2033 2068 2097 hoc
2101 2033 2491 2096 comicorum
2526 2033 2749 2096 ordine

427 2141 876 2207 constituendo
923 2144 1182 2204 secutus
1227 2140 1332 2204 sit.
1423 2137 1720 2202 Fuerunt
1766 2139 1991 2211 etiam,
2040 2140 2150 2222 qui
2198 2139 2459 2203 omnino
2504 2139 2584 2203 de
2632 2139 2749 2203 tali

428 2248 675 2311 ratione
720 2245 1103 2332 reperienda
1147 2244 1556 2330 desperarint
1599 2248 1793 2327 atque
1848 2245 1971 2308 hoc
2006 2244 2320 2328 judicium
2367 2245 2545 2308 nihili
2592 2245 2750 2310 fece·

427 2354 575 2434 rint,
609 2357 684 2417 ut
713 2352 1120 2439 Rutgersius,
1156 2351 1263 2435 qui
1299 2351 1452 2416 Var.
1487 2349 1630 2415 lect.
1663 2355 1769 2426 IV,
1816 2359 1892 2416 19
1927 2351 2270 2437 „putidum
2305 2356 2372 2418 et
2404 2352 2750 2438 supinum“

417 2460 730 2543 judicium
777 2460 1085 2532 nominat,
1134 2465 1198 2522 et
1238 2456 1315 2525 J.¹
1354 2456 1438 2523 G.
1491 2458 1791 2531 VossiuS,
1837 2459 1948 2540 qui
1982 2459 2141 2521 lust.
2177 2462 2351 2543 poet.
2384 2463 2470 2534 Π,
2503 2466 2583 2522 23
2630 2459 2750 2524 hoc

425 2566 614 2630 unius
660 2566 776 2629 viri
815 2565 1131 2649 judicium
1178 2563 1450 2627 aliorum
1499 2565 1886 2627 testimoniis
1931 2563 2117 2628 facile
2165 2563 2327 2627 vinei
2374 2564 2748 2629 arbitratur.

430 2670 561 2733 Sed
594 2669 910 2756 Sedigito,
959 2693 1158 2754 quum
1209 2693 1246 2732 a
1286 2667 1499 2734 Gellio
1548 2670 1967 2755 scriptoribus
2013 2670 2256 2733 honore
2302 2670 2513 2756 dignis
2558 2671 2752 2736 adnu-

431 2781 715 2838 meretur
761 2780 953 2857 atque
999 2800 1036 2839 a
1082 2776 1294 2840 Plinio
1344 2775 1494 2839 hist.
1543 2780 1674 2840 nat.
1706 2781 1817 2849 XI,
1866 2783 1972 2849 43,
2009 2784 2088 2840 99
2139 2776 2448 2851 „illustris
2495 2777 2559 2840 in
2606 2799 2750 2861 poe-

435 2881 605 2944 tica“
653 2882 1049 2956 nominetur,
1113 2904 1367 2945 omnem
1431 2871 1624 2946 fidem
1687 2882 2003 2966 derogare
2063 2883 2183 2945 viri
2231 2881 2418 2967 probi
2468 2887 2533 2946 et
2571 2884 2752 2946 cauti

432 2985 587 3049 mihi
636 2984 893 3068 quidem
940 3009 1065 3049 non
1109 2987 1386 3051 videtur.

610 3090 870 3155 Nostris
926 3092 1125 3176 igitur
1184 3092 1592 3179 temporibus
1635 3093 2021 3157 Ladevicius
2082 3082 2229 3158 huic
2286 3095 2512 3158 canoni
2559 3093 2753 3179 expli-

432 3198 638 3262 cando
701 3198 910 3262 denuo
959 3221 1222 3284 operam
1285 3200 1547 3263 navavit
1600 3200 2083 3274 dissertatione,
2134 3222 2300 3283 quae
2344 3200 2751 3264 inscribiturt

433 3302 696 3377 ,‚Ueber
740 3304 862 3368 den
908 3303 1138 3369 Canon
1185 3306 1298 3369 des
1333 3304 1727 3391 SedigituS.“
1771 3304 2090 3369 Neostrel.
2122 3313 2309 3369 1842.
2342 3305 2750 3389 Programm.

436 3406 628 3471 schol.
698 3414 893 3492 atque
959 3412 1237 3474 comicos
1304 3411 1538 3474 latinos
1608 3411 1857 3475 ratione
1911 3412 2287 3475 imitationis
2353 3410 2751 3476 Graecorum

434 3517 770 3599 poetarum
819 3538 857 3577 a
903 3516 1201 3580 Volcatio
1244 3515 1540 3601 Sedigito
1600 3515 1663 3578 in
1723 3516 1892 3580 hune
1939 3518 2224 3581 ordinem
2273 3517 2570 3581 redactos
2616 3540 2756 3582 esse

433 3619 664 3683 docere
710 3620 949 3694 studet,
1000 3622 1094 3684 ita
1125 3622 1400 3705 quidem,
1449 3627 1523 3685 ut
1555 3622 1778 3685 cornici
1823 3623 2077 3686 minime
2113 3621 2516 3687 Graecorum
2550 3646 2757 3687 exem-

429 3723 637 3811 plaria
694 3731 1037 3808 sequentes
1098 3728 1274 3792 locos
1336 3727 1669 3791 obtineant
1731 3730 2125 3813 superioreS‚
2188 3728 2521 3793 inferiores
2581 3753 2753 3805 vero,

429 3831 545 3915 qui
590 3832 867 3916 vestigia
913 3855 1134 3895 eorum
1184 3834 1388 3918 magis
1450 3834 1822 3919 presserint.
1900 3833 2088 3898 Dicit
2131 3835 2297 3898 enim
2344 3835 2383 3897 l.
2432 3857 2485 3899 c.
2538 3859 2601 3922 p.
2640 3845 2754 3900 11:

426 3935 571 4012 „Er
616 3936 891 3999 ordnete
934 3936 1133 4001 daher
1177 3938 1281 4002 die
1325 3939 1604 4003 Dichter
1656 3939 1816 4003 nach
1874 3940 2017 4002 dem
2064 3947 2406 4025 grosseren
2454 3943 2610 4005 oder
2656 3964 2758 4028 ge-

425 4043 729 4127 ringeren
788 4040 1013 4106 Grade
1079 4066 1202 4107 von
1272 4043 1737 4131 Originalitiit,
1802 4046 1903 4109 die
1972 4047 2062 4109 sie
2133 4045 2231 4110 bei
2298 4047 2472 4112 ihrer
2526 4047 2757 4112 Arbeit
2831 4105 2834 4108 .

427 4148 688 4234 gezeigt
733 4148 1026 4211 hatten.“

608 4251 764 4331 Qua
809 4253 873 4317 in
918 4253 1360 4341 disputatione
1408 4257 1611 4320 multa
1657 4258 1913 4340 quidem
1977 4257 2414 4350 et-ingeniose
2460 4263 2527 4323 et
2573 4264 2760 4324 acute

2342 4374 2372 4428 1
2403 4369 2436 4400 *
