2946 4761
1558 250 1595 307 9
1669 335 1782 339 Π---

402 460 504 505 res
529 438 880 500 amatorias
912 441 979 501 et
1010 435 1363 501 obscoenas
1395 435 1607 500 facete
1647 439 1910 511 tractet,
1960 435 2260 500 instituta
2293 433 2569 520 publica,
2606 456 2733 498 ma.

400 546 737 630 gistratuS,
784 542 959 627 leges
1004 540 1455 627 publicamque
1501 542 1699 605 vitam
1748 562 1874 604 non
1908 541 2025 603 nisi
2059 539 2270 604 obiter
2311 539 2729 626 perstringat.

406 647 593 729 Quae
638 653 1021 732 argumenta
1061 647 1422 712 fabularum
1470 650 1731 710 enarrat
1760 646 2023 710 Terent.
2056 645 2297 709 Heaut.
2345 644 2506 730 prol.
2558 652 2732 710 37—-

405 762 523 829 40;
569 753 740 818 Eun.
777 760 1074 829 36—403
1120 752 1375 838 Alciph.
1406 751 1516 816 lib.
1548 758 1636 828 ΙΙ,
1670 775 1770 838 ep.
1804 759 1867 825 4,
1903 757 2199 825 51-54;
2245 750 2442 836 Wag.
2474 749 2727 815 Fronto

402 860 632 946 Epigr.
664 864 732 922 11
766 860 830 923 in
864 858 1131 924 Anthol.
1184 857 1437 924 Graeca
1467 863 1589 933 ΙΙΙ,
1638 882 1698 943 p.
1734 864 1853 933 563
1901 856 1979 923 cf.
2015 856 2239 942 Kopk.
2271 856 2312 919 l.
2347 879 2401 920 c.
2435 879 2498 942 p.
2538 864 2728 922 1232.

404 965 621 1044 Quam
666 965 1062 1029 imitantium
1096 965 1489 1029 comicorum
1523 964 1736 1050 prima
1768 985 1908 1028 esse
1940 961 2218 1027 debebat
2248 985 2422 1036 cura,
2470 962 2523 1025 si
2554 961 2730 1047 plau-

402 1093 548 1135 sum
594 1070 1027 1137 multitudinis
1075 1071 1330 1156 capturi
1381 1074 1615 1145 essent,
1664 1073 1739 1134 ut
1771 1067 2251 1155 spectatoribus
2296 1069 2496 1131 risum
2543 1089 2729 1133 excu-

404 1181 616 1241 terent
658 1181 857 1260 atque
904 1199 1215 1240 novarum
1265 1176 1781 1259 mirabiliumque
1827 1197 2044 1239 rerum
2091 1175 2458 1239 inventione
2502 1195 2726 1237 eorum
2848 1257 2855 1265 ⁹

402 1283 648 1346 animos
695 1287 1006 1356 tenerent,
1079 1283 1286 1346 minus
1332 1288 1631 1346 curantes
1676 1304 1895 1345 veram
1957 1285 2023 1345 et
2057 1281 2304 1364 justam
2352 1280 2724 1365 descriptio-

400 1411 548 1453 nem
580 1391 846 1452 naturae
880 1387 1202 1470 animique
1234 1388 1493 1452 humani
1543 1411 1618 1452 ac
1663 1386 2060 1472 singularum
2106 1408 2439 1451 scenarum
2477 1386 2725 1469 justam

403 1494 912 1578 dispositionem,
973 1493 1192 1576 quales
1255 1498 1440 1558 erant
1502 1493 1565 1556 in
1626 1492 2026 1558 Graecorum
2089 1491 2439 1558 comoedia.
2533 1490 2726 1556 Unde

402 1598 548 1662 duri
593 1603 661 1662 et
707 1598 1007 1663 obscoeni
1043 1599 1197 1683 joci,
1259 1600 1437 1664 dirae
1497 1621 1833 1663 servorum
1891 1598 2371 1682 castigationeS,
2432 1596 2724 1661 confusio

402 1704 528 1780 illa,
575 1727 706 1788 qua
749 1726 854 1768 res
899 1725 980 1768 ex
1025 1705 1295 1770 diversis
1341 1705 1690 1770 comoediis
1737 1704 1980 1789 petitae
2038 1703 2105 1766 in
2146 1725 2378 1768 novam
2425 1724 2724 1788 congere-

401 1810 658 1886 bantur,
706 1833 835 1894 quo
883 1811 1214 1875 comoedia
1259 1812 1477 1886 latina,
1521 1833 1652 1874 non
1696 1811 1840 1875 dico
1872 1810 2118 1874 virtute
2159 1812 2225 1874 et
2270 1813 2429 1884 arte,
2476 1808 2592 1873 sed
2635 1808 2723 1872 af·

398 1916 573 1982 fectu
621 1915 978 2001 proficeret.
1075 1914 1291 1995 Quam
1337 1939 1472 1981 rem
1518 1917 1880 1990 Terentiae,
1953 1937 2223 2000 magnus
2278 1914 2383 1977 ille
2442 1916 2722 1978 comicus

398 2026 595 2108 poeta
625 2022 1089 2097 Romanorum,
1123 2021 1283 2087 bene
1317 2024 1650 2108 perspexit
1680 2042 1951 2106 querens
1981 2019 2231 2085 fabulas
2256 2021 2561 2084 statariae
2592 2044 2721 2086 non

397 2127 647 2214 placere
666 2127 991 2193 Romanis.
1009 2127 1088 2193 cf.
1105 2128 1347 2192 Heaut.
1366 2128 1529 2214 prol.
1547 2127 1984 2212 353K6pkius
2001 2125 2040 2189 l.
2067 2149 2120 2190 c.
2145 2125 2259 2190 Nr.
2285 2132 2430 2201 155,
2450 2150 2510 2212 p.
2534 2134 2721 2193 1242.

573 2231 802 2317 Neque
847 2233 1050 2297 solum
1099 2234 1345 2308 comici,
1392 2234 1508 2298 sed
1554 2235 1748 2298 etiam
1793 2233 2023 2318 tragici
2066 2233 2517 2297 commotionis
2578 2233 2721 2297 affe-

395 2345 622 2405 ctuum
669 2340 983 2403 rationein
1019 2338 1363 2406 habebant.
1419 2340 1587 2405 Nam
1636 2339 1746 2424 qui
1790 2339 2157 2426 tragoedias
2203 2340 2722 2427 conscripserunt

396 2449 629 2530 poetae
674 2445 874 2520 latini,
921 2445 1214 2530 inprimis
1245 2445 1497 2511 fabulas
1529 2447 1864 2530 Trojanas‚
1912 2468 2075 2529 quae
2120 2446 2428 2511 Romanis
2475 2445 2721 2531 primae

398 2552 829 2626 innotuerant,
864 2552 1240 2615 tractandas
1271 2552 1390 2616 sibi
1414 2556 1850 2638 sumpserunt,
1885 2575 2155 2636 quarum
2181 2573 2289 2616 eas
2312 2552 2720 2638 potissimum

400 2656 755 2740 elegerunt,
814 2679 978 2740 quae
1008 2658 1350 2742 gravitate,
1413 2658 1758 2722 atrocitate
1802 2659 2170 2744 argumenti
2225 2658 2473 2721 animos
2505 2663 2722 2722 tenere

401 2765 685 2845 possent.
758 2761 1225 2839 Matricidium‚
1271 2764 1744 2828 infanticidium
1790 2764 2245 2837 Eumenidum,
2293 2763 2721 2837 Alcmaeonis‚

401 2863 846 2951 CresphontiS,
893 2868 1319 2954 Melanippes,
1360 2869 1656 2944 Medeae,
1700 2869 2054 2933 immolatio
2105 2869 2453 2954 ¹virginum,
2516 2867 2721 2951 qualis

399 2970 678 3036 habet-ur
723 2972 1110 3057 Polyxena,
1160 2967 1727 3050 Erechthidarum,
1775 2974 2289 3047 Andromachae,
2335 2974 2723 3060 ,Iphigeniae

398 3098 553 3162 prae
598 3079 829 3142 ceteris
861 3080 926 3145 in
958 3101 1150 3144 scena
1181 3080 1545 3166 agebantur
1576 3085 1641 3144 et
1670 3080 2090 3144 libentissime
2119 3080 2604 3166 spectabantur.
2639 3078 2720 3144 cf.

396 3182 785 3248 Mommsen.
819 3185 908 3249 H.
942 3185 1022 3250 R.
1055 3191 1107 3261 Ι,
1143 3192 1291 3251 890.
1368 3184 1592 3267 Quare
1624 3190 1691 3251 et
1735 3186 1874 3250 fieri
1916 3209 2045 3250 non
2092 3186 2328 3271 potuit,
2375 3187 2529 3270 quin
2577 3208 2721 3273 poe·

398 3292 526 3363 tae,
574 3312 765 3373 quem
816 3290 1152 3355 affectibus
1199 3292 1679 3357 commovendis
1735 3293 2026 3378 inprimis
2079 3293 2406 3357 studuisse
2452 3295 2713 3369 scimus,

397 3393 730 3480 Euripidis
780 3397 1185 3481 potissimum
1236 3398 1606 3482 tragoedias
1639 3397 1837 3462 latine
1882 3403 2208 3463 verterent
2255 3398 2351 3462 vel
2398 3399 2714 3463 imitaren-
2839 3407 2844 3414 ’

398 3503 525 3563 tur.
601 3501 834 3585 ltaque
880 3505 959 3566 de
992 3504 1330 3588 tragoedia
1366 3503 1568 3569 latina
1598 3526 1849 3568 summo
1870 3503 2019 3587 jure
2049 3503 2510 3589 Bernhardy-us
2541 3504 2718 3568 Hist.

396 3604 523 3669 litt.
556 3605 666 3670 lat.
703 3629 765 3691 p.
800 3614 926 3672 378
955 3608 1143 3673 dicit:
1181 3609 1335 3686 „sie
1365 3608 1500 3696 (die
1528 3609 1586 3673 T
1592 3609 1922 3696 ragoedie)
1955 3632 2084 3673 war
2115 3633 2242 3675 von
2272 3611 2475 3675 einem
2510 3609 2719 3675 hohen

397 3709 496 3774 bis
540 3735 658 3776 zur
690 3710 1137 3778 Schwachheit
1169 3715 1606 3800 gesteigerten
1639 3714 1886 3779 Pathos
1920 3715 2178 3791 beseelt,
2226 3716 2404 3780 nicht
2434 3716 2588 3781 aber
2618 3717 2719 3781 ein

396 3816 635 3881 idealer
660 3816 1052 3905 Schauplatz
1084 3818 1192 3884 fiir
1224 3820 1347 3884 den
1371 3820 1718 3906 Zwiespalt
1747 3820 2057 3885 zwischen
2079 3821 2331 3886 Furcht
2363 3823 2494 3886 und
2517 3821 2721 3887 Noth-

398 3922 801 4007 wendigkeit.
871 3923 1112 3989 Diesen
1144 3923 1569 4012 Standpunkt
1615 3926 1730 3989 der
1760 3925 1978 3991 Moral
2024 3927 2154 3991 und
2204 3927 2722 4013 pragmatischen

400 4025 785 4114 Gesinnung
817 4028 1228 4117 begiinstigte
1260 4033 1375 4097 das
1404 4031 1769 4097 schauende
1802 4031 2163 4106 Publicum,
2210 4034 2422 4098 indem
2471 4057 2537 4097 cs
2582 4035 2720 4105 sein

400 4130 694 4197 Gefallen
744 4158 825 4198 an
857 4133 1475 4221 hochpathetischen
1510 4139 1755 4202 Scenen
1803 4137 1934 4200 und
1969 4138 2271 4223 pikanten
2304 4137 2568 4215 Stellen,
2616 4139 2719 4203 die

399 4239 516 4301 mit
579 4240 958 4324 politischen
1005 4242 1401 4328 Meinungen
1460 4244 1576 4307 der
1636 4244 1782 4307 Zeit
1843 4243 1978 4307 sich
2038 4242 2408 4324 beriihrten‚
2471 4243 2720 4308 lebhaft
