2946 4761
1572 265 1618 324 5.

429 457 633 518 tatem
679 454 1100 537 intimamque
1145 455 1340 517 animi
1384 453 1855 528 conditionem,
1912 453 1976 516 in
2037 475 2163 536 qua
2209 473 2428 517 omnes
2474 450 2750 514 hominis

428 561 712 624 actiones
760 560 1056 623 nituntur
1102 563 1297 642 atque
1343 581 1421 622 ex
1469 581 1598 642 qua
1642 560 1823 642 quasi
1870 581 1945 622 ex
1991 557 2173 622 fonte
2218 580 2335 622 suo
2383 556 2746 643 profluunt3

428 670 501 730 ut
544 664 743 729 verbo
790 664 1018 739 dicam,
1064 657 1230 746 ἦθος
1275 663 1613 749 significat,
1661 664 1836 748 quod
1866 686 1983 729 nos
2014 662 2286 727 dicimus
2316 663 2747 726 characterem

425 771 730 846 hominia,
791 771 901 854 qui
961 770 1347 856 exprimitur
1405 773 1472 833 et
1527 775 1800 856 apparet
1855 768 2160 834 moribuS.
2236 769 2416 835 Idem
2473 768 2747 853 Dionys,

424 877 635 942 Halic.
668 877 797 940 Ars
829 875 1072 940 rhetor.
1104 880 1186 950 X,
1224 885 1294 951 13
1339 880 1452 950 XI,
1492 883 1591 940 13.

605 1007 879 1088 Quintil.
913 1008 1076 1072 Inst.
1112 1012 1277 1073 orat.
1311 1012 1418 1083 VI,
1454 1014 1513 1080 2,
1550 1015 1624 1072 8:
1669 999 1903 1090 ,,ἦθος,
1955 1006 2135 1090 cujus
2180 1006 2454 1080 nomine,
2503 1008 2579 1068 ut
2625 996 2747 1089 ego

427 1115 680 1198 quidem
716 1113 942 1187 sentiO,
992 1118 1170 1177 caret
1204 1136 1415 1178 sermo
1449 1136 1773 1187 romanuS,
1826 1135 2034 1176 mores
2067 1110 2506 1198 appellantur:
2552 1116 2747 1193 atque

428 1220 573 1283 inde
631 1243 782 1306 pars
843 1240 1098 1303 quoque
1156 1218 1266 1283 illa
1321 1218 1766 1305 philosophiae
1811 1215 2040 1299 ἠθική,
2107 1216 2363 1281 moralis
2411 1219 2510 1280 est
2555 1215 2746 1280 dicta.

428 1324 558 1391 Sed
605 1326 807 1411 ipsam
854 1323 953 1388 rei
991 1328 1286 1389 naturam
1335 1324 1654 1410 spectanti
1717 1322 1871 1387 mihi
1930 1345 2058 1387 non
2118 1326 2254 1386 tam
2305 1344 2515 1386 mores
2560 1322 2749 1406 signi-

424 1431 602 1494 ficari
651 1431 967 1505 videntur,
1017 1451 1209 1514 quam
1257 1453 1507 1494 morum
1558 1429 1871 1513 quaedam
1929 1430 2323 1515 proprietas;
2386 1451 2533 1492 nam
2592 1428 2747 1514 ipsis

428 1536 684 1620 quidem
744 1558 966 1601 omnes
1026 1536 1285 1600 habitus
1349 1537 1581 1600 mentis
1642 1536 2133 1611 continentur“‚
2198 1539 2392 1618 atque
2446 1539 2519 1598 ut
2577 1533 2747 1596 idem

427 1643 582 1706 dicit
624 1642 665 1705 l.
699 1647 892 1715 c.·VI,
929 1639 986 1715 2,
1028 1650 1142 1706 13:
1190 1643 1296 1717 „in
1345 1664 1471 1725 quo
1518 1634 1738 1729 (ἦθος)
1784 1642 2202 1727 exprimendo
2246 1663 2498 1704 summa
2542 1640 2748 1703 virtus

427 1770 500 1811 ea
544 1752 661 1821 est,
711 1753 783 1812 ut
827 1748 1025 1812 fluere
1070 1748 1284 1811 omnia
1330 1769 1409 1810 ex
1455 1751 1688 1811 natura
1730 1770 1943 1811 rerum
1991 1746 2451 1829 hominumque
2497 1744 2749 1809 videan-

426 1859 567 1928 tur,
631 1877 757 1937 quo
817 1876 1026 1917 mores
1083 1853 1354 1917 dicentis
1415 1875 1495 1915 ex
1541 1850 1842 1915 'oratione
1900 1851 2261 1938 pelluceant
2319 1855 2385 1915 et
2445 1850 2749 1935 quodam-

431 1959 619 2024 modo
666 1962 1179 2043 agnoscantur.“·
1861 1974 1864 1975 ’

599 2090 707 2154 Ex
751 2089 874 2154 hoc
919 2088 1231 2157 vocabulo
1277 2088 1686 2153 substantivo
1741 2089 2099 2154 derivatum
2161 2087 2550 2173 adjectivum
2595 2086 2750 2168 ἠθι-

423 2194 535 2258 κόν
589 2194 908 2281 significat·
962 2197 1057 2270 id,
1128 2190 1302 2279 quod
1361 2217 1574 2258 mores
1632 2194 1831 2258 habet
1891 2194 1988 2258 vel
2050 2194 2374 2280 exprimit.
2470 2192 2750 2278 Legitur

426 2303 599 2390 apud
648 2300 856 2366 Cicer.
893 2307 1027 2388 top.
1066 2307 1168 2374 26,
1206 2308 1322 2364 29:
1372 2303 1673 2375 „morata
1718 2301 2053 2363 narratio“
2100 2296 2180 2363 cf.
2217 2297 2445 2378 Quint.
2480 2298 2521 2361 l.
2554 2321 2609 2362 c.
2643 2303 2750 2372 IV,

429 2416 486 2483 2,
532 2415 657 2486 643¹
697 2406 832 2473 Cic.
868 2408 947 2472 de
979 2407 1106 2471 div.
1142 2415 1246 2482 31,
1290 2415 1372 2472 67
1392 2430 1409 2469 t
1459 2429 1737 2498 „poema
1785 2411 2183 2481 moratum“,
2231 2404 2295 2468 in
2342 2404 2573 2489 quibus
2620 2428 2748 2468 om-

424 2514 614 2578 nibus
659 2515 726 2578 id
770 2515 1006 2601 agitur,
1055 2518 1131 2577 ut
1173 2536 1364 2598 quam
1413 2514 1707 2599 proxime
1763 2512 2071 2577 accedant
2117 2512 2200 2576 ad
2246 2534 2467 2575 eorum
2517 2532 2747 2586 morea,

426 2641 701 2703 quorum
762 2619 836 2683 fit
900 2621 1157 2684 mentio.
1251 2619 1485 2685 Horat.
1556 2619 1696 2682 Art.
1741 2624 1918 2704 poet.
1955 2626 2079 2683 319
2146 2615 2407 2681 exhibet
2451 2620 2751 2704 „morata

424 2724 646 2787 fabula
692 2729 927 2801 recte“‚
975 2748 1164 2809 quem
1212 2726 1293 2788 ad
1332 2725 1542 2790 locum
1578 2723 1791 2789 Schol.
1825 2725 2060 2790 Acron.
2096 2724 2403 2788 adnotat:
2450 2726 2751 2799 „morat-a

423 2827 675 2903 fabula,
736 2830 800 2892 in
853 2852 980 2912 qua
1044 2852 1252 2894 mores
1309 2830 1707 2916 singularum
1770 2851 2190 2917 personarum
2254 2829 2498 2915 optime
2543 2828 2750 2914 expri-

428 2937 756 2997 muntur.“
852 2934 1042 2999 Unde
1108 2933 1414 3016 ἠθολόγοι
1482 2934 1611 3021 (vel
1669 2933 1975 3023 βιολόγοι)
2040 2932 2573 3009 nominabantur,
2639 2933 2750 3017 qui

427 3061 658 3115 morea,
707 3044 952 3125 gestus,
1001 3043 1236 3113 motuS‚
1287 3041 1572 3103 actiones
1619 3040 1890 3104 aliorum
1923 3038 2254 3130 hominum
2302 3039 2749 3126 exprimendas

424 3145 760 3210 curabant.
841 3144 948 3211 Cf.
984 3144 1121 3210 Cic.
1155 3144 1235 3208 de
1268 3150 1431 3208 orat.
1468 3153 1529 3221 2,
1564 3152 1668 3210 59.

601 3275 777 3342 Satis
814 3278 951 3362 jam
998 3276 1378 3364 apparebit,
1426 3299 1533 3340 eas
1578 3276 1831 3342 fabulas
1877 3277 2002 3342 dici
2046 3274 2295 3358 ἠθικός,
2346 3298 2512 3360 quae
2556 3277 2749 3362 inpri-

427 3381 547 3445 mis
604 3382 969 3470 ingenium,
1025 3382 1340 3457 indolem,
1406 3404 1617 3446 mores
1675 3381 2005 3446 hominum
2066 3382 2424 3467 exprimere
2484 3381 2749 3446 student

425 3491 620 3570 atque
664 3511 1001 3574 expressas
1048 3487 1307 3564 habent,
1358 3488 1527 3553 unde
1570 3489 1647 3551 iis
1685 3487 2114 3572 tranquillitas
2148 3487 2460 3571 quaedam
2509 3492 2575 3551 et
2619 3486 2749 3573 pla·

424 3592 567 3657 cida
627 3594 970 3678 quietaque
1029 3595 1398 3659 constantia
1448 3594 1711 3681 propria
1755 3598 1885 3670 est3
1942 3616 2139 3678 quare
2185 3616 2225 3656 a
2267 3592 2576 3659 Romanis
2623 3598 2748 3656 sta-

413 3698 627 3762 tariae
669 3698 878 3763 dictae
937 3705 1104 3763 sunt.
1186 3697 1293 3764 Cf.
1338 3699 1614 3765 Miiller:
1662 3697 2097 3775 „Geschichte
2149 3698 2265 3763 der
2308 3698 2586 3764 Theorie
2634 3698 2748 3762 der

422 3802 647 3868 Kunst
694 3803 797 3868 bei
842 3804 965 3868 den
1009 3805 1277 3878 Alten.“
1320 3811 1404 3880 11,
1437 3828 1502 3892 p.
1542 3812 1686 3872 156.

601 3935 700 4000 Ut
763 3958 938 4000 mare
998 3938 1291 4021 quietum
1347 3942 1414 4003 et
1477 3937 1833 4024 placidum,
1898 3938 1989 4001 sic
2049 3937 2245 4001 etiam
2291 3936 2540 4000 animus
2580 3958 2747 4000 com-

425 4034 661 4105 moveri
722 4047 940 4127 potest
997 4048 1062 4108 et
1134 4044 1539 4131 perturbari,
1611 4067 1771 4128 quas
1840 4044 2097 4127 quidem
2168 4041 2362 4106 animi
2431 4042 2745 4106 motiones

426 4144 694 4211 Graecis
741 4145 920 4228 πάθη
982 4149 1189 4214 dictas
1248 4148 1480 4215 Cicero
1535 4148 2055 4235 perturbationes
2099 4147 2198 4212 vel
2247 4147 2507 4212 morbos
2550 4146 2746 4210 animi

423 4252 737 4316 nominari
784 4253 940 4316 vult.
1017 4252 1123 4318 Cf.
1175 4252 1312 4319 Cic.
1362 4254 1555 4318 Tusc.
1603 4258 1722 4326 111,
1768 4261 1830 4329 4,
1866 4262 1926 4318 7.
2002 4253 2111 4317 Ad
2154 4259 2452 4316 naturam
2500 4256 2568 4316 et
2613 4251 2743 4315 vim
