2946 4761
1262 362 1299 366 Α,
1355 274 1438 367 ’ἒῆ

231 459 535 545 spinetur.
626 459 778 526 Huc
829 460 1235 547 contendisse
1282 459 1668 536 Caecilium,
1715 459 2046 537 Plautum,
2090 456 2406 525 Naevium
2449 481 2551 525 su-

233 587 354 650 pra
397 565 734 633 docuimus
777 570 975 650 atque
1017 566 1313 652 inprimis
1354 566 1518 630 hauc
1562 566 1816 631 laudem
1863 565 2079 631 deberi
2126 565 2363 651 Plauto
2407 587 2551 630 eon·-

232 675 387 744 stat‚
436 694 635 755 quum
684 672 819 756 ejus
860 670 1117 735 fabulae
1159 692 1238 735 ex
1282 671 1518 756 quibus
1564 670 1832 738 Graecis
1864 675 2162 756 sumptae
2203 674 2282 757 et⁶
2305 671 2552 756 petitae

232 778 384 853 sint,
454 796 645 863 saepe
702 777 1015 842 acerrime
1073 778 1191 842 viri
1252 777 1426 842 docti
1473 778 1873 852 dissentiant,
1933 784 2000 842 et
2058 776 2226 840 idem
2276 775 2549 841 Plautus

234 888 478 968 quanto
523 883 743 947 studio
772 884 1115 948 Romanos
1162 863 1373 946 mores
1434 884 1566 947 suis
1626 880 1866 947 fabulis
1915 881 2362 958 inculcaverit,
2420 903 2553 947 om-

233 990 341 1054 nia
385 990 702 1063 vitaverit,
748 1011 923 1073 quae.
957 993 1401 1075 spectatorum
1465 989 1712 1053 animos
1768 1010 1848 1052 ex
1893 988 2336 1052 Romanorum
2381 987 2554 1053 vitae

231 1094 517 1181 vulgaris
565 1094 813 1159 ambitu
858 1093 1152 1178 abripere
1183 1097 1467 1180 possent,
1515 1093 1857 1179 diligenter
1901 1093 2035 1177 ejus
2068 1091 2430 1157 comoedias
2472 1090 2555 1156 le-

234 1205 490 1287 gentem
537 1224 664 1265 non
708 1200 937 1285 fugiet.
996 1198 1147 1279 Qua
1192 1222 1343 1264 vero
1374 1200 1517 1285 lege
1551 1197 1890 1273 Caecilius,
1928 1199 2224 1273 Plautus,
2269 1197 2554 1262 Naevius

234 1307 515 1372 ordinati
561 1307 695 1370 sint'
734 1328 989 1392 quoque
1023 1306 1172 1389 jure
1218 1327 1404 1372 suum
1450 1306 1726 1390 quisque
1771 1304 2068 1370 obtineat
2098 1303 2314 1369 locum
2358 1303 2554 1367 hono-

234 1413 344 1489 ris,
388 1417 524 1495 jam
572 1410 1077 1498 supr-auberius
1118 1411 1597 1496 explicavimus.

408 1549 698 1616 Maxime
729 1553 936 1637 igitur·
971 1549 1244 1616 florebat
1286 1550 1619 1615 comoedia
1662 1549 1926 1637 palliata
1972 1542 2554 1613 studio-commoti-

236 1659 376 1722 onis
421 1658 872 1722 animorumret
903 1656 1268 1732 affectuum,
1315 1661 1545 1744 postea
1575 1679 1745 1731 vet-0,
1794 1678 1992 1740 quum
2040 1652 2316 1720 Romani
2360 1652 2553 1718 rebus

238 1768 304 1828 et
349 1760 584 1827 litteris
642 1760 912 1827 Graecis
974 1762 1178 1849 magis
1239 1768 1467 1827 essent
1504 1762 1734 1827 imbuti
1796 1767 1993 1844 atque
2054 1764 2193 1824 arte
2248 1756 2552 1823 delectari

236 1869 614 1955 coepissent,
661 1868 886 1933 comici
931 1867 1113 1932 latini
1156 1866 1330 1931 illam
1378 1866 1701 1933 rudiorem
1747 1889 1897 1931 sane
1926 1867 2075 1943 vim,
2118 1887 2245 1950 qua
2277 1863 2555 1928 attrahe-

237 1975 396 2040 bant
442 1976 508 2037 et
552 1973 856 2038 tenebant
903 1964 1320 2060 spectatores,
1370 1973 1664 2038 deserere
1709 1977 1775 2037 et
1824 1971 1946 2036 arti
1988 1993 2248 2058 operam
2283 1969 2436 2034 dare
2467 1968 2552 2032 in·

238 2076 580 2166 cipiebant‚
628 2080 797 2143 unde
838 2079 1082 2145 factum
1129 2084 1247 2156 est,
1310 2085 1403 2155 ut,
1460 2103 1592 2165 quo
1648 2079 1851 2164 magis
1906 2079 2029 2142 arti
2085 2077 2416 2150 servirent,
2477 2097 2555 2139 eo

161 2236 169 2245 .
241 2184 445 2271 magis
479 2182 547 2247 τὸ
599 2184 826 2262 πάθος,
878 2185 1053 2270 quod
1088 2185 1414 2250 Romanae
1447 2183 1650 2272 plebis
1683 2184 1963 2249 eruditio
2011 2187 2078 2248 et
2118 2187 2351 2247 natura
2397 2180 2556 2246 desi-

239 2289 528 2366 derabat,
577 2291 970 2355 omitterent.
1035 2289 1222 2371 Quae
1254 2287 1621 2357 comoediae
1667 2286 2071 2355 artificiosius
2122 2291 2554 2374 comparatae,

236 2395 569 2462 deficiente
617 2419 872 2481 quoque
906 2402 1130 2483 poetas
1176 2398 1433 2484 ingenio
1479 2401 1545 2461 et
1589 2397 1801 2461 indole
1848 2418 1997 2460 vere
2027 2392 2301 2481 poetica,
2351 2391 2555 2480 plebis

236 2504 405 2568 votis
450 2526 576 2568 non
623 2502 1045 2580 sufficiebant,
1108 2526 1308 2592 quare
1370 2525 1592 2568 eorum
1648 2524 1727 2565 ex
1781 2501 2129 2566 comoediis
2188 2499 2559 2586 fragmenta

234 2613 491 2674 tantum
539 2613 918 2674 conservata
964 2614 1288 2695 putamus.

412 2749 484 2816 Si
528 2752 751 2839 igitur,
813 2772 975 2836 quae
1021 2748 1230 2815 adhuc
1276 2748 1754 2835 disputavimus
1795 2749 1877 2814 de
1931 2771 2191 2826 canone,
2255 2748 2557 2834 respicias

237 2860 310 2922 et
347 2856 658 2934 conferas,
705 2857 928 2943 negari
971 2879 1099 2921 non
1144 2878 1336 2943 posse
1381 2855 1781 2941 confidimus,
1844 2859 2086 2921 certam
2130 2856 2445 2920 rationem
2492 2854 2558 2916 in

238 2962 609 3032 ordinandis
667 2963 925 3044 comicis
974 2960 1337 3048 Sedigitum
1385 2960 1790 3037 observasse3
1863 2984 2029 3048 quae
2083 2962 2343 3046 quidem
2388 2958 2555 3026 ratio

237 3068 557 3132 artissime
598 3066 938 3151 conjuncta
983 3072 1082 3132 est
1126 3089 1271 3134 cum
1313 3066 1669 3152 primordio
1702 3071 1770 3131 et
1809 3090 2158 3154 progressu
2190 3053 2554 3148 comoediae

236 3173 559 3260 palliatae.
617 3172 946 3239 Canonem
978 3174 1043 3237 in
1075 3176 1228 3248 tres,
1275 3172 1394 3249 vel,
1442 3173 1498 3236 si
1528 3172 1809 3240 Ennium
1858 3174 2087 3262 respici
2131 3173 2260 3246 vis..
2295 3171 2357 3234 in
2404 3191 2555 3253 qua-

237 3284 393 3345 tuor
436 3283 654 3366 partes
686 3279 1050 3353 dividimus,
1098 3299 1265 3362 quae
1296 3282 1515 3343 ternos
1557 3279 2036 3367 amplectuntur
2067 3281 2313 3364 poetas,
2359 3278 2556 3362 atque

236 3385 302 3449 in
348 3371 735 3470 unaquaque
775 3389 963 3474 parte
1009 3385 1290 3452 ordinati
1336 3388 1489 3449 sunt
1534 3386 1758 3474 comici
1805 3407 1884 3449 ex
1931 3382 2237 3447 facultate
2280 3403 2557 3447 commo·

236 3492 425 3557 vendi
474 3491 543 3554 τὸ
582 3490 822 3567 πάθος.
887 3489 1188 3582 Cujusvis
1219 3492 1421 3578 igitur
1467 3491 1709 3556 ordinis
1754 3490 2008 3554 infimus
2055 3492 2250 3574 poeta
2278 3487 2554 3564 initium,

242 3595 488 3663 medius
537 3620 973 3692 progressum,
1030 3620 1320 3662 summus
1365 3595 1556 3692 hujus
1616 3596 1865 3684 generis
1919 3593 2291 3662 comoediae
2332 3593 2554 3660 florem

236 3704 542 3794 ostendit.
634 3703 969 3770 Habemus
1011 3704 1134 3769 hoc
1179 3701 1373 3768 modo
1413 3703 1662 3767 additis
1698 3701 1977 3787 cujusvis
2008 3701 2369 3790 praecipuis
2413 3722 2557 3794 pro·

241 3809 624 3897 prietatibus
671 3809 786 3874 hos
835 3810 1126 3876 ordinese

355 3951 443 4017 ,L
476 3951 955 4036 ἒΕιιιιὶιιενιιιιί,
992 3969 1192 4035 quum
1236 3948 1513 4015 fideliter
1556 3953 1856 4023 verteret,
1902 3947 2280 4033 cognitione·
2311 3965 2556 4011 comoeo

470 4113 473 4118 .
550 4056 705 4121 ὤαθ,
742 4055 1032 4122 Graecae
1077 4055 1285 4142 magis
1342 4055 1634 4121 imbuere
1677 4057 2028 4121 Romanos·
2049 4053 2328 4120 studuit.

294 4215 299 4222 .
352 4163 453 4229 ss..
490 4162 786 4237 Luscius,
831 4161 1109 4244 Trabea,
1152 4161 1520 4247 Turpilius:
1567 4181 1799 4226 unam
1841 4175 2079 4225 novam
2127 4159 2413 4223 Atticam
2459 4178 2559 4222 coa

462 4342 468 4346 .
553 4264 870 4330 moediam
915 4271 1292 4350 sequuntur,
1338 4266 1452 4331 sed
1495 4265 1662 4331 alius
1703 4266 1897 4330 alium
1945 4268 2256 4351 appetens
2299 4262 2512 4329 finem.
