2946 4761
1371 295 1456 352 40

243 482 489 543 sertum
539 478 711 554 vult,
773 479 1093 545 collocans
1137 480 1363 553 docet,
1410 481 1671 563 utrique
1718 481 1886 544 inter
1929 480 2239 553 comicos,
2287 501 2564 562 quorum

242 584 309 647 in
352 606 587 669 genere
631 589 802 649 esset
847 584 1204 661 habendus,
1267 586 1557 650 infimum
1605 585 1823 650 deberi
1868 585 2101 650 locum.

418 689 765 765 Trabeam,
812 692 918 776 qui
967 692 1032 755 in
1065 691 1252 777 hujus
1285 693 1461 756 tertii
1502 691 1745 755 ordinis
1792 692 2073 755 secundo
2104 691 2247 759 loco
2280 692 2565 777 ponitur,

241 793 553 863 facultate
592 797 1033 861 commovendi
1083 797 1159 861 τὰ
1193 797 1371 879 πάθη
1405 799 1719 884 insignem
1766 795 1963 861 fuisse
2007 797 2374 861 testimonio
2407 796 2566 859 V'ar-

242 900 419 965 ronis
477 902 651 985 apud
698 900 894 967 Char.
930 927 990 989 p.
1029 909 1154 971 215
1202 904 1475 978 scimus,
1540 903 1714 988 quod
1773 903 1997 971 eodem
2044 900 2185 966 loco
2233 902 2314 966 de
2358 901 2565 965 Atilio

243 1028 530 1091 quoque,
591 1008 700 1091 qui
763 1010 1027 1073 secundi
1090 1009 1329 1075 ordinis
1387 1010 1660 1074 eundem
1716 1008 1989 1072 alterum
2034 1008 2244 1073 locum
2293 1006 2564 1082 obtinet,

242 1111 575 1186 laudatum
623 1134 733 1176 eos
784 1119 1031 1188 autem,
1088 1116 1382 1198 quamvis
1428 1116 1652 1179 eadem
1700 1114 1891 1180 laude
1932 1113 2297 1199 gaudeant,
2349 1117 2566 1178 tamen

243 1215 457 1300 aliqua
515 1240 584 1280 re
643 1218 930 1284 diversos
984 1221 1158 1284 inter
1214 1242 1281 1284 se
1324 1220 1526 1285 fuisse
1570 1226 1933 1297 statuamus
1979 1242 2054 1283 ea
2099 1219 2180 1283 de
2225 1241 2419 1284 causa
2463 1241 2565 1282 ne-

243 1310 419 1387 cesse
465 1329 582 1395 est,
632 1326 805 1407 quod
849 1330 984 1389 tam
1030 1331 1350 1399 remotum
1398 1326 1661 1390 honoris
1706 1326 1916 1389 locum
1951 1324 2263 1390 obtinent.
2343 1318 2564 1403 Quum

242 1429 412 1493 inter
455 1430 763 1493 Luscium
811 1434 878 1494 et
921 1430 1328 1507 Terentium,
1386 1430 1707 1495 Trabeam
1769 1435 1835 1495 et
1880 1431 2152 1495 Atilium
2209 1430 2566 1494 similitudo

243 1535 554 1619 quaedam
603 1536 994 1607 intercedat,
1050 1559 1304 1601 summo
1358 1537 1504 1620 jure
1560 1537 1862 1623 colligere
1908 1559 2287 1622 possumus,
2336 1537 2565 1622 Turpi·

243 1639 397 1703 lium
458 1662 715 1725 quoque
770 1645 837 1705 et
898 1642 1219 1719 Licinium
1260 1643 1535 1713 ,vinculo
1598 1644 1878 1726 quodam
1943 1642 2376 1707 similitudinis
2422 1665 2565 1706 con·

233 1745 497 1839 junctos
558 1768 731 1822 esse,
791 1751 987 1831 atque
1048 1748 1414 1833 Turpilium
1477 1752 1545 1812 et
1603 1748 1925 1812 Licinium
1983 1749 2309 1833 principes
2366 1746 2568 1833 fuisse

241 1852 493 1937 generis
542 1851 871 1935 cujusdam
921 1853 1325 1926 comoediae,
1386 1876 1515 1937 quo
1561 1853 1836 1917 Luscius
1894 1856 1961 1916 et
2001 1851 2343 1916 Terentius
2389 1852 2566 1916 mini»

244 1979 414 2020 mam
468 1946 697 2043 'adepti
755 1959 884 2022 sint
945 1959 1239 2046 gloriam.
1285 1997 1375 2006 ——
1431 1959 1582 2023 Hoc
1636 1959 1841 2044 igitur
1903 1958 2096 2022 modo
2142 1980 2255 2022 sex
2301 1956 2565 2022 ultimos

242 2063 502 2127 canonis
549 2068 778 2148 poetas
822 2063 931 2150 (de
977 2063 1189 2128 Ennio
1237 2063 1492 2151 postea)
1536 2065 1597 2128 in
1646 2065 1809 2128 duos
1855 2065 2110 2128 ordines
2157 2064 2454 2130 redactos
2500 2064 2566 2155 et

242 2171 456 2233 totum
503 2186 810 2234 canonem
858 2170 923 2233 in
969 2173 1104 2234 tres
1152 2168 1392 2234 divisos
1437 2168 1769 2234 habemus.

421 2259 657 2339 Oritur
723 2299 890 2339 nunc
959 2276 1340 2360 gravissima
1399 2274 1508 2339 illa
1562 2277 1886 2360 quaestio,
1956 2298 2085 2360 quo
2123 2276 2269 2360 jure
2313 2296 2566 2361 quaque

243 2380 493 2445 ratione
555 2379 883 2474 Sedigitas
940 2383 1100 2446 tales
1149 2382 1403 2446 ordines
1450 2378 1790 2468 poetarum
1835 2384 2209 2459 instituere,
2255 2406 2384 2467 quo
2420 2383 2568 2467 jure

242 2488 472 2570 cuique
516 2435 762 2564 locume,
824 2510 1011 2576 quem
1060 2492 1312 2590 teneat,
1357 2490 1684 2578 assignare
1728 2489 2051 2574 potuerit,
2098 2511 2351 2574 quaque
2387 2511 2459 2553 re
2501 2488 2570 2552 hi

242 2592 497 2657 ordines
538 2593 707 2657 inter
751 2616 820 2657 sc
850 2593 1168 2657 diff.erant

286 2737 289 2744 ·
416 2697 778 2783 Postquam
812 2700 1086 2764 Romani
1131 2701 1215 2764 ad
1245 2700 1680 2785 cognitionem
1725 2723 1939 2766 rerum
1984 2700 2384 2767 Graecarum
2428 2723 2568 2788 per-

241 2808 554 2869 venerunt
598 2805 804 2889 iisque
848 2806 1155 2870 delectari
1198 2811 1593 2891 coeperunt,
1654 2807 1738 2870 ad
1786 2805 2076 2873 Graecos
2134 2807 2567 2894 confugerunt

240 2914 476 2996 poetae
507 2910 688 2975 latini
718 2916 785 2975 et
816 2911 898 2980 ab
929 2913 1028 2980 iis,
1076 2933 1242 2995 quae
1280 2912 1529 2978 Romae
1571 2913 1636 2976 in
1683 2935 1870 2978 socna
1902 2917 2271 2999 agerentur,
2317 2933 2561 2979 como&

241 3015 382 3079 dias
428 3018 773 3101 petierunt.
911 3015 1042 3082 Sed
1074 3017 1170 3081 ade
1217 3017 1488 3083 Graecis
1533 3020 1908 3088 comoediis,
1956 3041 2114 3103 quas
2159 3019 2224 3082 in
2272 3015 2560 3081 manibus

239 3119 596 3195 habebant,
644 3122 815 3205 quid
868 3123 952 3185 iis
1006 3126 1149 3187 erat
1200 3122 1608 3188 faciendum?
1697 3124 2045 3211 Triplieem
2090 3123 2350 3188 omnino
2392 3118 2562 3184 vide-

241 3241 385 3290 mus
416 3228 780 3301 rationem,
841 3243 1036 3312 quam
1080 3232 1311 3314 poetae
1354 3229 1536 3293 latini
1582 3231 1650 3295 in
1694 3229 2163 3296 conseribendis
2205 3227 2339 3290 suis
2383 3224 2564 3290 fabu-

238 3331 317 3397 li·
360 3330 669 3402 adhibere
700 3337 1160 3419 potueruntsac
1198 3335 1901 3402 reveraiaahibuerunt.
1978 3335 2346 3399 Potuerunt
2391 3332 2562 3398 enim

217 3436 492 3503 ‘fabulas
523 3437 811 3504 Graecas
857 3439 1155 3525 religiose
1184 3445 1463 3517 ¹vertere,
1511 3442 1609 3506 vel
1627 3465 1723 3506 ex
1768 3439 2034 3506 diversis
2057 3436 2339 3502 *Graecis
2384 3435 2565 3501 fabu÷

238 3543 670 3628 linquae&
715 3544 1077 3630 placebant,
1124 3565 1470 3632 excerpere
1508 3552 1576 3611 et
1620 3569 1811 3614 unam
1831 3565 2230 3628 ⁴componere
2271 3542 2560 3618 latinam,

238 3650 339 3715 vel
387 3651 664 3734 denique
704 3654 1401 3738 retentoargumento.
1426 3657 1497 3717 et
1558 3650 1979 3737 dispositione
2023 3648 2563 3714 imminua-elath

239 3777 363 3821 nus
412 3775 627 3821 mores
686 3761 757 3822 et
798 3759 1314 3823 consuetudines.
1394 3758 1526 3822 Vix
1567 3763 1698 3832 est,
1751 3778 1867 3821 cur
1922 3754 2272 3821 secundam
2329 3759 2396 3820 et
2438 3758 2566 3820 ten

239 3861 425 3926 tiam·
456 3862 773 3927 rationem
835 3865 1137 3949 conjungi
1197 3862 1384 3930 facile
1438 3861 1732 3948 potuisse
1785 3861 2286 3928 admoneamus.·
2325 3895 2416 3912 „.
2485 3859 2563 3925 »Si

238 3969 523 4033 cananis:
553 3968 803 4054 peiores
844 3973 999 4034 „tres
1056 3974 1287 4055 poetas
1331 3966 1846 4041 consideramus,
1916 3966 2101 4032 nobis
2147 3966 2560 4052 perspicuum

238 4073 382 4146 erit,
428 4077 683 4157 quanto
704 4073 924 4137 studio
958 4073 1299 4150 Caecilius,
1345 4073 1642 4148 Plautus,
1675 4072 2358 4138 Naevius‘comoedias
2389 4091 2565 4142 suas,

238 4200 400 4262 quas
440 4176 846 4244 ‹le-‘Graecis
866 4184 1339 4266 sumpserant,
1387 4179 1831 4246 Romanorum
1871 4178 2340 4246 ¹‹·.t›1isue{'.11d'm‘t
2394 4178 2560 4242 lium

237 4285 471 4362 mriae,
490 4283 717 4366 qualis
761 4305 841 4347 eo
869 4288 1173 4370 tempere·
1191 4292 1355 4372 erat,
1382 4286 1897 4372 accomodare
1925 4285 2322 4366 studuerint·
2355 4282 2564 4349 Haud
