2946 4761
1315 252 1354 310 8

1124 336 1389 344 -ι-...φψψω
1408 338 1488 343 ΠΫῘ»

172 438 522 504 scribendis
566 439 699 503 suis
743 437 976 503 fabulis
1020 437 1219 502 fuisse
1262 437 1757 513 observandum,
1803 438 1857 502 si
1903 438 2004 501 sui
2052 438 2276 524 populi
2321 437 2496 504 favo-

171 566 306 608 rem
351 566 581 630 capere
625 544 879 610 vellent.
958 542 1192 609 Graeci
1224 545 1392 607 enim
1426 544 1665 608 eruditi
1713 544 2021 608 virtutem
2068 543 2326 608 fabulae
2369 567 2497 610 non

173 653 307 713 tam
354 670 434 712 ex
479 671 806 723 sensuum,
854 670 1045 732 quem
1091 648 1467 734 praebebat,
1534 649 1790 723 affectu,
1850 672 2042 732 quam
2090 672 2169 712 ex
2215 649 2498 734 descrip-

171 755 346 819 tione
381 754 566 838 justa
611 776 863 819 morum
909 758 1108 838 atque
1141 776 1222 818 ex
1266 756 1427 819 serie
1471 776 1771 838 nexuque
1802 777 2017 818 rerum
2055 758 2124 818 et
2170 756 2494 819 actionum

170 858 446 935 fabulae,
495 864 568 924 ut
600 881 822 923 omnes
854 860 1021 924 inter
1068 882 1136 924 se
1181 866 1374 946 aptae
1405 861 1870 946 colligataeque
1915 860 2312 935 viderentur,
2358 881 2498 925 cen-

171 964 416 1038 sebant,
471 987 675 1049 quare
716 988 940 1030 eorum
988 970 1220 1051 poetae
1265 967 1392 1029 arti
1422 967 1733 1040 ,sulficere
1781 987 2190 1050 summopere
2234 965 2495 1030 studere

170 1070 528 1148 debebant3
575 1070 757 1134 latini
800 1093 954 1134 vero
988 1077 1234 1156 poetae,
1281 1094 1481 1155 quum
1513 1095 1642 1135 non
1673 1094 1889 1135 coram
1937 1070 2195 1135 erudito
2229 1071 2491 1156 populo,

169 1177 284 1241 sed
326 1177 468 1240 rudi
516 1175 702 1262 plebe
748 1183 1093 1262 agerentur
1137 1177 1413 1252 fabulae,
1461 1199 1626 1260 quae
1674 1178 1878 1262 magis
1926 1175 2249 1252 delectari,
2300 1199 2491 1260 quam

169 1283 408 1347 erudiri
455 1281 736 1356 volebat,
783 1282 953 1348 hunc
999 1283 1138 1346 sibi·
1168 1284 1619 1368 proponebant
1664 1282 1875 1355 finem,
1939 1287 2016 1346 ut
2062 1283 2493 1348 commotione

170 1409 476 1451 sensuum
526 1393 593 1451 et
641 1388 985 1451 affectuum
1034 1393 1437 1473 spectatores
1481 1393 1796 1463 tenerent,
1858 1388 1986 1475 (vel
2035 1393 2369 1452 moverent
2414 1388 2490 1452 τὰ

168 1490 394 1575 πάθη).
484 1493 630 1559 Hac
675 1493 756 1557 de
802 1517 870 1557 re
915 1494 1172 1579 egregie
1220 1495 1480 1558 disserit·
1519 1495 1906 1559 Ladevicius
1937 1495 2112 1558 Mus.
2144 1494 2341 1561 Rhen.
2370 1498 2494 1569 ΙΙΙ,

166 1623 232 1685 p.
272 1606 430 1664 180:
480 1599 715 1674 „Auch
761 1598 926 1663 ohne
972 1600 1121 1663 dass
1169 1622 1235 1664 es
1282 1623 1401 1663 uns
1448 1599 1901 1665 auedriicklich
1948 1599 2268 1664 berichtet
2314 1599 2491 1675 wird,

169 1711 426 1768 miisseh
476 1706 589 1768 wir
620 1704 998 1780 annehmen,
1047 1706 1197 1768 dass
1244 1706 1347 1769 die
1371 1705 1647 1769 Dichter
1691 1705 1874 1770 ihren
1901 1705 2314 1770 Zuschauern
2361 1710 2491 1770 ent-

165 1832 375 1896 gegen
421 1811 672 1886 kamen,
739 1812 842 1874 die
903 1810 1225 1874 attischen
1275 1809 1544 1896 Speisen
1593 1812 1709 1874 mit
1756 1811 2121 1875 riimischen
2168 1809 2490 1875 Zuthaten

168 1919 471 1990 wiirzten‚
523 1939 633 1979 um
678 1917 769 1980 sie
814 1916 1005 1980 ihnen
1053 1921 1186 1980 erst
1233 1916 1701 2002 mundgerecht
1731 1941 1810 1980 zu
1846 1917 2129 1981 machen.
2205 1916 2315 1980 Da
2360 1939 2489 1979 nun

166 2021 270 2085 die
317 2021 559 2085 Romer
602 2021 849 2085 damals
900 2021 1138 2086 bereits
1185 2023 1308 2086 den
1357 2022 1614 2087 Saturis
1670 2024 1801 2086 und
1849 2025 1971 2087 den
2020 2022 2361 2086 Atellanen
2392 2022 2493 2085 ln-

165 2132 407 2191 teresse
453 2126 883 2212 abgewonnen
918 2127 1162 2203 hatten,
1211 2151 1285 2191 so
1316 2128 1472 2214 liegt
1504 2128 1607 2191 die
1640 2126 2099 2212 Vermuthung
2128 2127 2276 2190 sehr
2307 2126 2491 2201 nahe,

166 2233 316 2297 dass
363 2234 466 2297 die
509 2233 871 2298 romischen
907 2233 1226 2299 Komiker
1259 2233 1529 2319 anfangs
1563 2233 1701 2297 ihre
1732 2233 1951 2297 fabula
1983 2234 2245 2319 palliata
2275 2234 2492 2297 diesen

167 2338 370 2404 rohen
418 2338 664 2404 Possen
712 2339 1056 2427 moglichst
1087 2340 1428 2414 naherten,
1479 2339 1615 2404 also
1662 2340 1764 2403 die
1798 2340 2051 2425 Anlage
2081 2339 2193 2403 des
2227 2339 2491 2425 griechi-

164 2444 357 2509 schen
418 2444 670 2508 Drama
729 2449 852 2510 mir
913 2449 975 2510 in
1033 2446 1372 2511 Umrissen
1432 2445 1873 2521 beibehielten‚
1953 2444 2491 2511 Charakteri-

165 2551 324 2614 stik
369 2550 532 2614 und
581 2550 1098 2616 Oekonomie
1145 2552 1340 2616 aber
1385 2550 2074 2625 hintansetzten‚
2125 2574 2235 2614 um
2284 2550 2491 2616 durch

164 2656 415 2720 derbe
463 2656 801 2742 Sp'asse,
859 2680 1059 2743 arge
1120 2656 1770 2732 Obsconit‘aten,
1829 2651 2488 2743 Priigel'scenen,

164 2762 323 2826 Ver
343 2762 629 2827 wickel
649 2787 745 2826 un
765 2784 916 2849 gen
936 2811 951 2839 ,
1003 2764 1105 2826 die
1150 2765 1429 2849 weniger
1460 2763 1583 2826 den
1613 2761 1978 2827 Charakter
2012 2763 2125 2827 der
2155 2761 2367 2827 feinen
2392 2764 2491 2827 ln-

163 2868 396 2953 trigue,
445 2868 538 2932 als
586 2869 767 2933 mehr
799 2870 921 2933 den
954 2870 1069 2933 der
1099 2870 1431 2953 gemeinen
1468 2866 1762 2933 Chikane
1792 2873 2047 2955 trugen,
2095 2869 2221 2932 die
2251 2868 2488 2932 Lach-

164 2973 530 3038 muskeln
578 2975 718 3037 der
764 2974 1055 3038 Romer
1099 2975 1178 3037 in
1225 2973 1706 3059 Bewegung
1751 2998 1844 3038 zu
1893 2979 2243 3045 setzen.“
2291 2971 2489 3051 Quod

160 3084 498 3166 poetarum
533 3080 818 3143 studium
854 3081 1298 3143 commovendi
1330 3080 1597 3145 affectus
1629 3104 1829 3165 quum
1862 3104 1941 3145 ex
1972 3079 2303 3144 comoedia
2347 3081 2488 3141 tum

162 3209 241 3250 ex
288 3186 628 3270 tragoedia
672 3186 1105 3270 cognoscit-ur.

340 3290 591 3356 Comici
638 3292 805 3355 enim
854 3291 1034 3355 latini
1066 3314 1296 3355 novam
1346 3292 1743 3356 comoediam
1776 3291 2064 3355 Atticam
2098 3291 2303 3354 secuti
2335 3291 2488 3353 sunt

161 3420 292 3461 non
339 3396 568 3472 solum,
618 3396 791 3480 quod
838 3420 913 3461 eo
959 3403 1272 3483 tempore,
1321 3420 1449 3481 quo
1499 3396 1895 3463 Graecarum
1944 3419 2157 3461 rerum
2205 3396 2491 3482 cognitio

160 3503 436 3568 Romam
471 3503 785 3587 pervenit,
834 3502 956 3566 hoc
988 3504 1358 3567 comoediae
1389 3526 1594 3589 genus
1638 3504 1703 3565 in
1738 3501 2015 3567 Graecia
2044 3502 2329 3588 vigebat,
2378 3502 2490 3565 sed

162 3630 301 3672 eam
349 3608 693 3694 praecipue
738 3608 821 3673 ob
870 3631 1152 3683 causam,
1215 3610 1364 3692 quia
1425 3612 1611 3672 vetus
1674 3608 2008 3673 comoedia
2051 3611 2325 3694 propter
2377 3631 2490 3694 pu-

161 3713 363 3778 blicae
407 3715 580 3778 vitae
614 3714 1108 3800 descriptionem
1153 3714 1262 3800 (cf.
1296 3715 1535 3783 Horat.
1573 3714 1711 3778 sat.
1744 3719 1795 3789 I,
1830 3721 1891 3788 4,
1932 3717 2017 3797 1.)
2082 3714 2331 3779 Romae
2362 3737 2490 3778 non

159 3818 565 3884 tolerabatur
609 3819 988 3905 legibusque
1047 3820 1534 3906 prohibebatur,
1596 3822 1806 3884 media
1858 3825 2075 3884 autem
2136 3819 2486 3893 comoedia,

161 3948 328 4010 quae
390 3925 690 3990 illuderet
750 3931 924 3990 artes
988 3926 1335 4010 literaeque
1381 3949 1418 3987 a
1461 3926 1769 3988 Romanis
1816 3949 1942 3989 non
1987 3925 2486 4010 intelligebatur.

148 4031 268 4112 (cf.
301 4030 626 4118 Ksspkius‚
672 4032 1055 4096 Zeitschrift
1103 4032 1211 4096 fiir
1252 4031 2113 4096 Alterthumswissenschaft
2158 4039 2324 4096 1835
2373 4030 2486 4094 Nr.

168 4143 312 4213 153,
346 4161 410 4223 p.
449 4141 667 4221 1230.)
756 4138 943 4202 Nova
992 4160 1141 4202 vero
1199 4138 1533 4201 comoedia
1578 4139 1802 4202 Attica
1848 4138 2287 4202 Romanorum
2348 4160 2488 4200 ccu-

161 4243 391 4306 ditioni
439 4243 714 4307 maxime
759 4242 1197 4317 conveniebat,
1248 4265 1411 4326 quae
1443 4244 1525 4307 ad
1561 4243 1761 4306 vitam
1795 4244 2126 4329 vulgarem
2163 4242 2487 4316 deflectat,
