<?xml version="1.0" encoding="UTF-8"?>
<!DOCTYPE html PUBLIC "-//W3C//DTD XHTML 1.0 Transitional//EN"
    "http://www.w3.org/TR/xhtml1/DTD/xhtml1-transitional.dtd">
<html xmlns="http://www.w3.org/1999/xhtml" xml:lang="en" lang="en">
 <head>
  <title>
</title>
<meta http-equiv="Content-Type" content="text/html;charset=utf-8" />
  <meta name='ocr-system' content='tesseract 3.04.00' />
  <meta name='ocr-capabilities' content='ocr_page ocr_carea ocr_par ocr_line ocrx_word'/>
</head>
<body>
  <div class='ocr_page' id='page_1' title='image "./devolcatisedigi00ibergoog_0026.png"; bbox 0 0 2946 4761; ppageno 0'>
   <div class='ocr_carea' id='block_1_1' title="bbox 1546 239 1624 296">
    <p class='ocr_par' dir='ltr' id='par_1_1' title="bbox 1546 239 1624 296">
     <span class='ocr_line' id='line_1_1' title="bbox 1546 239 1624 296; baseline 0 0"><span class='ocrx_word' id='word_1_1' title='bbox 1546 239 1624 296; x_wconf 88' lang='grc'>18</span> 
     </span>
    </p>
   </div>
   <div class='ocr_carea' id='block_1_2' title="bbox 1364 324 1785 333">
    <p class='ocr_par' dir='ltr' id='par_1_2' title="bbox 1364 324 1785 333">
     <span class='ocr_line' id='line_1_2' title="bbox 1364 324 1785 333; baseline 0 0"><span class='ocrx_word' id='word_1_2' title='bbox 1364 324 1785 333; x_wconf 95' lang='lat' dir='ltr'> </span> 
     </span>
    </p>
   </div>
   <div class='ocr_carea' id='block_1_3' title="bbox 404 424 2830 3354">
    <p class='ocr_par' dir='ltr' id='par_1_3' title="bbox 404 424 2830 3354">
     <span class='ocr_line' id='line_1_3' title="bbox 413 424 2733 516; baseline -0.001 -21"><span class='ocrx_word' id='word_1_3' title='bbox 413 431 668 499; x_wconf 73' lang='lat' dir='ltr'><strong>litterae</strong></span> <span class='ocrx_word' id='word_1_4' title='bbox 728 430 934 495; x_wconf 85' lang='lat' dir='ltr'>tutela</span> <span class='ocrx_word' id='word_1_5' title='bbox 994 429 1406 516; x_wconf 85' lang='lat' dir='ltr'>imperatoris</span> <span class='ocrx_word' id='word_1_6' title='bbox 1463 426 1774 513; x_wconf 75' lang='lat' dir='ltr'>ingeniosi</span> <span class='ocrx_word' id='word_1_7' title='bbox 1836 424 2153 490; x_wconf 82' lang='lat' dir='ltr'>florebant</span> <span class='ocrx_word' id='word_1_8' title='bbox 2212 426 2407 509; x_wconf 84' lang='lat' dir='ltr'>atque</span> <span class='ocrx_word' id='word_1_9' title='bbox 2455 427 2733 492; x_wconf 85' lang='lat' dir='ltr'>maximo</span> 
     </span>
     <span class='ocr_line' id='line_1_4' title="bbox 415 530 2736 618; baseline -0.003 -16"><span class='ocrx_word' id='word_1_10' title='bbox 415 541 598 602; x_wconf 90' lang='lat' dir='ltr'>erant</span> <span class='ocrx_word' id='word_1_11' title='bbox 648 538 713 600; x_wconf 88' lang='lat' dir='ltr'>in</span> <span class='ocrx_word' id='word_1_12' title='bbox 758 535 1021 609; x_wconf 77' lang='lat' dir='ltr'>honore,</span> <span class='ocrx_word' id='word_1_13' title='bbox 1070 538 1265 618; x_wconf 87' lang='lat' dir='ltr'>atque</span> <span class='ocrx_word' id='word_1_14' title='bbox 1309 531 1660 605; x_wconf 87' lang='lat' dir='ltr'>neminem,</span> <span class='ocrx_word' id='word_1_15' title='bbox 1710 535 2021 614; x_wconf 89' lang='lat' dir='ltr'>quant-um</span> <span class='ocrx_word' id='word_1_16' title='bbox 2070 532 2134 594; x_wconf 89' lang='lat' dir='ltr'>in</span> <span class='ocrx_word' id='word_1_17' title='bbox 2179 531 2415 595; x_wconf 86' lang='lat' dir='ltr'>litteris</span> <span class='ocrx_word' id='word_1_18' title='bbox 2462 530 2736 596; x_wconf 85' lang='lat' dir='ltr'>Romani</span> 
     </span>
     <span class='ocr_line' id='line_1_5' title="bbox 414 636 2731 728; baseline -0.003 -20"><span class='ocrx_word' id='word_1_19' title='bbox 414 642 533 708; x_wconf 84' lang='lat' dir='ltr'>sub</span> <span class='ocrx_word' id='word_1_20' title='bbox 581 641 769 706; x_wconf 90' lang='lat' dir='ltr'>finem</span> <span class='ocrx_word' id='word_1_21' title='bbox 820 641 1077 728; x_wconf 84' lang='lat' dir='ltr'>septimi</span> <span class='ocrx_word' id='word_1_22' title='bbox 1110 646 1177 703; x_wconf 86' lang='lat' dir='ltr'>et</span> <span class='ocrx_word' id='word_1_23' title='bbox 1220 639 1404 704; x_wconf 89' lang='lat' dir='ltr'>initio</span> <span class='ocrx_word' id='word_1_24' title='bbox 1450 638 1661 704; x_wconf 80' lang='lat' dir='ltr'>octavi</span> <span class='ocrx_word' id='word_1_25' title='bbox 1709 636 1946 703; x_wconf 83' lang='lat' dir='ltr'>saeculi</span> <span class='ocrx_word' id='word_1_26' title='bbox 1992 660 2054 722; x_wconf 90' lang='lat' dir='ltr'>p.</span> <span class='ocrx_word' id='word_1_27' title='bbox 2104 658 2166 700; x_wconf 89' lang='lat' dir='ltr'>u.</span> <span class='ocrx_word' id='word_1_28' title='bbox 2212 660 2267 700; x_wconf 88' lang='lat' dir='ltr'>c.</span> <span class='ocrx_word' id='word_1_29' title='bbox 2315 637 2731 723; x_wconf 81' lang='lat' dir='ltr'>profecerint,</span> 
     </span>
     <span class='ocr_line' id='line_1_6' title="bbox 411 728 2830 835; baseline -0.003 -21"><span class='ocrx_word' id='word_1_30' title='bbox 411 748 693 835; x_wconf 83' lang='lat' dir='ltr'>effugere</span> <span class='ocrx_word' id='word_1_31' title='bbox 740 752 993 833; x_wconf 73' lang='lat' dir='ltr'>potest5</span> <span class='ocrx_word' id='word_1_32' title='bbox 1040 768 1170 829; x_wconf 89' lang='lat' dir='ltr'>quo</span> <span class='ocrx_word' id='word_1_33' title='bbox 1216 744 1459 809; x_wconf 79' lang='lat' dir='ltr'>fuctum</span> <span class='ocrx_word' id='word_1_34' title='bbox 1508 749 1637 818; x_wconf 79' lang='lat' dir='ltr'>est,</span> <span class='ocrx_word' id='word_1_35' title='bbox 1686 750 1768 808; x_wconf 69' lang='lat' dir='ltr'>ut·</span> <span class='ocrx_word' id='word_1_36' title='bbox 1803 741 2087 808; x_wconf 83' lang='lat' dir='ltr'>Plautini</span> <span class='ocrx_word' id='word_1_37' title='bbox 2134 728 2299 806; x_wconf 84' lang='lat' dir='ltr'>sales</span> <span class='ocrx_word' id='word_1_38' title='bbox 2344 749 2411 809; x_wconf 87' lang='lat' dir='ltr'>et</span> <span class='ocrx_word' id='word_1_39' title='bbox 2459 745 2724 818; x_wconf 89' lang='lat' dir='ltr'>numeri,</span> <span class='ocrx_word' id='word_1_40' title='bbox 2827 816 2830 819; x_wconf 49' lang='grc'><strong>,</strong></span> 
     </span>
     <span class='ocr_line' id='line_1_7' title="bbox 411 847 2730 942; baseline -0.003 -24"><span class='ocrx_word' id='word_1_41' title='bbox 411 878 541 940; x_wconf 88' lang='lat' dir='ltr'>qua</span> <span class='ocrx_word' id='word_1_42' title='bbox 587 854 864 942; x_wconf 87' lang='lat' dir='ltr'>primum</span> <span class='ocrx_word' id='word_1_43' title='bbox 911 851 1163 936; x_wconf 82' lang='lat' dir='ltr'>excepti</span> <span class='ocrx_word' id='word_1_44' title='bbox 1195 848 1804 917; x_wconf 78' lang='lat' dir='ltr'>sunt-admiratione</span> <span class='ocrx_word' id='word_1_45' title='bbox 1834 856 1901 912; x_wconf 90' lang='lat' dir='ltr'>et</span> <span class='ocrx_word' id='word_1_46' title='bbox 1934 869 2187 913; x_wconf 82' lang='lat' dir='ltr'>summa</span> <span class='ocrx_word' id='word_1_47' title='bbox 2219 847 2425 922; x_wconf 85' lang='lat' dir='ltr'>laude,</span> <span class='ocrx_word' id='word_1_48' title='bbox 2472 848 2730 912; x_wconf 86' lang='lat' dir='ltr'>demum</span> 
     </span>
     <span class='ocr_line' id='line_1_8' title="bbox 404 951 2726 1043; baseline -0.005 -15"><span class='ocrx_word' id='word_1_49' title='bbox 404 960 846 1029; x_wconf 84' lang='lat' dir='ltr'>eruditissimo</span> <span class='ocrx_word' id='word_1_50' title='bbox 895 956 1181 1043; x_wconf 81' lang='lat' dir='ltr'>Augusti</span> <span class='ocrx_word' id='word_1_51' title='bbox 1227 953 1483 1021; x_wconf 80' lang='lat' dir='ltr'>saeculo</span> <span class='ocrx_word' id='word_1_52' title='bbox 1527 954 1912 1023; x_wconf 82' lang='lat' dir='ltr'>exciderent.</span> <span class='ocrx_word' id='word_1_53' title='bbox 2008 951 2187 1032; x_wconf 79' lang='lat' dir='ltr'>Quid</span> <span class='ocrx_word' id='word_1_54' title='bbox 2228 952 2431 1038; x_wconf 86' lang='lat' dir='ltr'>igitur</span> <span class='ocrx_word' id='word_1_55' title='bbox 2479 953 2726 1027; x_wconf 86' lang='lat' dir='ltr'>mirum,</span> 
     </span>
     <span class='ocr_line' id='line_1_9' title="bbox 411 1058 2729 1147; baseline -0.004 -17"><span class='ocrx_word' id='word_1_56' title='bbox 411 1068 466 1131; x_wconf 79' lang='lat' dir='ltr'>si</span> <span class='ocrx_word' id='word_1_57' title='bbox 512 1067 608 1132; x_wconf 88' lang='lat' dir='ltr'>vir</span> <span class='ocrx_word' id='word_1_58' title='bbox 654 1064 887 1130; x_wconf 81' lang='lat' dir='ltr'>aetatis</span> <span class='ocrx_word' id='word_1_59' title='bbox 932 1061 1218 1147; x_wconf 76' lang='lat' dir='ltr'>Augusti</span> <span class='ocrx_word' id='word_1_60' title='bbox 1264 1058 1741 1125; x_wconf 83' lang='lat' dir='ltr'>eruditissimus</span> <span class='ocrx_word' id='word_1_61' title='bbox 1788 1060 1868 1123; x_wconf 92' lang='lat' dir='ltr'>de</span> <span class='ocrx_word' id='word_1_62' title='bbox 1915 1062 2208 1123; x_wconf 86' lang='lat' dir='ltr'>veterum</span> <span class='ocrx_word' id='word_1_63' title='bbox 2240 1059 2499 1143; x_wconf 83' lang='lat' dir='ltr'>scriptis</span> <span class='ocrx_word' id='word_1_64' title='bbox 2544 1058 2729 1145; x_wconf 88' lang='lat' dir='ltr'>longe</span> 
     </span>
     <span class='ocr_line' id='line_1_10' title="bbox 410 1163 2732 1256; baseline -0.005 -19"><span class='ocrx_word' id='word_1_65' title='bbox 410 1172 599 1237; x_wconf 85' lang='lat' dir='ltr'>aliter</span> <span class='ocrx_word' id='word_1_66' title='bbox 658 1171 905 1256; x_wconf 80' lang='lat' dir='ltr'>cogitat</span> <span class='ocrx_word' id='word_1_67' title='bbox 964 1171 1160 1250; x_wconf 89' lang='lat' dir='ltr'>atque</span> <span class='ocrx_word' id='word_1_68' title='bbox 1221 1164 1516 1249; x_wconf 81' lang='lat' dir='ltr'>aequales</span> <span class='ocrx_word' id='word_1_69' title='bbox 1572 1165 1859 1250; x_wconf 88' lang='lat' dir='ltr'>ipsorum</span> <span class='ocrx_word' id='word_1_70' title='bbox 1920 1163 2279 1248; x_wconf 87' lang='lat' dir='ltr'>multaque,</span> <span class='ocrx_word' id='word_1_71' title='bbox 2333 1185 2497 1247; x_wconf 86' lang='lat' dir='ltr'>quae</span> <span class='ocrx_word' id='word_1_72' title='bbox 2545 1169 2732 1228; x_wconf 87' lang='lat' dir='ltr'>antea</span> 
     </span>
     <span class='ocr_line' id='line_1_11' title="bbox 411 1266 2730 1361; baseline -0.005 -18"><span class='ocrx_word' id='word_1_73' title='bbox 411 1277 874 1361; x_wconf 82' lang='lat' dir='ltr'>laudabantur,</span> <span class='ocrx_word' id='word_1_74' title='bbox 922 1274 985 1337; x_wconf 90' lang='lat' dir='ltr'>in</span> <span class='ocrx_word' id='word_1_75' title='bbox 1032 1273 1108 1336; x_wconf 88' lang='lat' dir='ltr'>iis</span> <span class='ocrx_word' id='word_1_76' title='bbox 1155 1270 1677 1359; x_wconf 86' lang='lat' dir='ltr'>reprehendenda</span> <span class='ocrx_word' id='word_1_77' title='bbox 1706 1270 1989 1356; x_wconf 77' lang='lat' dir='ltr'>reperit?</span> <span class='ocrx_word' id='word_1_78' title='bbox 2082 1267 2296 1348; x_wconf 82' lang='lat' dir='ltr'>Quam</span> <span class='ocrx_word' id='word_1_79' title='bbox 2346 1266 2428 1331; x_wconf 90' lang='lat' dir='ltr'>ob</span> <span class='ocrx_word' id='word_1_80' title='bbox 2472 1288 2730 1331; x_wconf 84' lang='lat' dir='ltr'>causam</span> 
     </span>
     <span class='ocr_line' id='line_1_12' title="bbox 409 1371 2730 1462; baseline -0.006 -12"><span class='ocrx_word' id='word_1_81' title='bbox 409 1383 707 1458; x_wconf 84' lang='lat' dir='ltr'>Horatii,</span> <span class='ocrx_word' id='word_1_82' title='bbox 778 1402 931 1445; x_wconf 88' lang='lat' dir='ltr'>suae</span> <span class='ocrx_word' id='word_1_83' title='bbox 996 1378 1233 1445; x_wconf 81' lang='lat' dir='ltr'>aetatis</span> <span class='ocrx_word' id='word_1_84' title='bbox 1293 1380 1632 1462; x_wconf 86' lang='lat' dir='ltr'>poetarum</span> <span class='ocrx_word' id='word_1_85' title='bbox 1695 1375 2047 1443; x_wconf 85' lang='lat' dir='ltr'>defensoris</span> <span class='ocrx_word' id='word_1_86' title='bbox 2110 1380 2177 1438; x_wconf 89' lang='lat' dir='ltr'>et</span> <span class='ocrx_word' id='word_1_87' title='bbox 2236 1373 2483 1437; x_wconf 81' lang='lat' dir='ltr'>acriore</span> <span class='ocrx_word' id='word_1_88' title='bbox 2541 1371 2730 1435; x_wconf 88' lang='lat' dir='ltr'>dente</span> 
     </span>
     <span class='ocr_line' id='line_1_13' title="bbox 409 1477 2726 1575; baseline -0.007 -19"><span class='ocrx_word' id='word_1_89' title='bbox 409 1490 708 1575; x_wconf 74' lang='lat' dir='ltr'>antiquos</span> <span class='ocrx_word' id='word_1_90' title='bbox 756 1490 982 1574; x_wconf 86' lang='lat' dir='ltr'>poetas</span> <span class='ocrx_word' id='word_1_91' title='bbox 1028 1481 1491 1573; x_wconf 83' lang='lat' dir='ltr'>persequentis,</span> <span class='ocrx_word' id='word_1_92' title='bbox 1537 1503 1925 1567; x_wconf 82' lang='lat' dir='ltr'>quamquam</span> <span class='ocrx_word' id='word_1_93' title='bbox 1969 1478 2266 1560; x_wconf 89' lang='lat' dir='ltr'>melioris,</span> <span class='ocrx_word' id='word_1_94' title='bbox 2314 1498 2603 1543; x_wconf 84' lang='lat' dir='ltr'>severum</span> <span class='ocrx_word' id='word_1_95' title='bbox 2648 1477 2726 1539; x_wconf 80' lang='lat' dir='ltr'>de</span> 
     </span>
     <span class='ocr_line' id='line_1_14' title="bbox 410 1584 2726 1678; baseline -0.008 -15"><span class='ocrx_word' id='word_1_96' title='bbox 410 1595 648 1663; x_wconf 88' lang='lat' dir='ltr'>Plauto</span> <span class='ocrx_word' id='word_1_97' title='bbox 700 1592 1015 1678; x_wconf 84' lang='lat' dir='ltr'>judicium</span> <span class='ocrx_word' id='word_1_98' title='bbox 1079 1589 1181 1654; x_wconf 86' lang='lat' dir='ltr'>hic</span> <span class='ocrx_word' id='word_1_99' title='bbox 1239 1589 1544 1654; x_wconf 86' lang='lat' dir='ltr'>omittere</span> <span class='ocrx_word' id='word_1_100' title='bbox 1590 1608 1969 1674; x_wconf 85' lang='lat' dir='ltr'>possumus;</span> <span class='ocrx_word' id='word_1_101' title='bbox 2029 1585 2109 1651; x_wconf 91' lang='lat' dir='ltr'>de</span> <span class='ocrx_word' id='word_1_102' title='bbox 2151 1584 2419 1666; x_wconf 86' lang='lat' dir='ltr'>antiqua</span> <span class='ocrx_word' id='word_1_103' title='bbox 2464 1604 2617 1646; x_wconf 89' lang='lat' dir='ltr'>vero</span> <span class='ocrx_word' id='word_1_104' title='bbox 2662 1586 2726 1645; x_wconf 91' lang='lat' dir='ltr'>et</span> 
     </span>
     <span class='ocr_line' id='line_1_15' title="bbox 407 1686 2728 1782; baseline -0.008 -16"><span class='ocrx_word' id='word_1_105' title='bbox 407 1700 755 1772; x_wconf 86' lang='lat' dir='ltr'>communi,</span> <span class='ocrx_word' id='word_1_106' title='bbox 800 1719 963 1782; x_wconf 87' lang='lat' dir='ltr'>quae</span> <span class='ocrx_word' id='word_1_107' title='bbox 1008 1696 1201 1760; x_wconf 87' lang='lat' dir='ltr'>etiam</span> <span class='ocrx_word' id='word_1_108' title='bbox 1251 1693 1511 1757; x_wconf 84' lang='lat' dir='ltr'>Horatii</span> <span class='ocrx_word' id='word_1_109' title='bbox 1558 1695 1773 1759; x_wconf 86' lang='lat' dir='ltr'>aetate</span> <span class='ocrx_word' id='word_1_110' title='bbox 1831 1691 1999 1755; x_wconf 90' lang='lat' dir='ltr'>inter</span> <span class='ocrx_word' id='word_1_111' title='bbox 2045 1690 2332 1768; x_wconf 88' lang='lat' dir='ltr'>homines</span> <span class='ocrx_word' id='word_1_112' title='bbox 2380 1687 2587 1749; x_wconf 88' lang='lat' dir='ltr'>minus</span> <span class='ocrx_word' id='word_1_113' title='bbox 2633 1686 2728 1749; x_wconf 90' lang='lat' dir='ltr'>lit-</span> 
     </span>
     <span class='ocr_line' id='line_1_16' title="bbox 407 1792 2655 1886; baseline -0.008 -14"><span class='ocrx_word' id='word_1_114' title='bbox 407 1811 657 1872; x_wconf 82' lang='lat' dir='ltr'>teratos</span> <span class='ocrx_word' id='word_1_115' title='bbox 705 1803 958 1867; x_wconf 85' lang='lat' dir='ltr'>valebat</span> <span class='ocrx_word' id='word_1_116' title='bbox 1003 1799 1300 1886; x_wconf 82' lang='lat' dir='ltr'>opinione</span> <span class='ocrx_word' id='word_1_117' title='bbox 1346 1798 1530 1862; x_wconf 84' lang='lat' dir='ltr'>nobis</span> <span class='ocrx_word' id='word_1_118' title='bbox 1577 1798 1898 1883; x_wconf 75' lang='lat' dir='ltr'>agendum</span> <span class='ocrx_word' id='word_1_119' title='bbox 1946 1802 2012 1860; x_wconf 89' lang='lat' dir='ltr'>et</span> <span class='ocrx_word' id='word_1_120' title='bbox 2045 1792 2464 1880; x_wconf 84' lang='lat' dir='ltr'>judicandum</span> <span class='ocrx_word' id='word_1_121' title='bbox 2513 1793 2655 1859; x_wconf 85' lang='lat' dir='ltr'>erit.</span> 
     </span>
     <span class='ocr_line' id='line_1_17' title="bbox 584 1892 2726 1988; baseline -0.008 -13"><span class='ocrx_word' id='word_1_122' title='bbox 584 1909 805 1976; x_wconf 87' lang='lat' dir='ltr'>Aelius</span> <span class='ocrx_word' id='word_1_123' title='bbox 838 1908 1008 1973; x_wconf 87' lang='lat' dir='ltr'>Stilo</span> <span class='ocrx_word' id='word_1_124' title='bbox 1057 1911 1124 1969; x_wconf 88' lang='lat' dir='ltr'>et</span> <span class='ocrx_word' id='word_1_125' title='bbox 1158 1904 1493 1969; x_wconf 83' lang='lat' dir='ltr'>Volcatius</span> <span class='ocrx_word' id='word_1_126' title='bbox 1529 1902 1863 1988; x_wconf 87' lang='lat' dir='ltr'>Sedigitus</span> <span class='ocrx_word' id='word_1_127' title='bbox 1910 1905 2166 1986; x_wconf 85' lang='lat' dir='ltr'>praeter</span> <span class='ocrx_word' id='word_1_128' title='bbox 2209 1892 2481 1967; x_wconf 83' lang='lat' dir='ltr'>ceteros,</span> <span class='ocrx_word' id='word_1_129' title='bbox 2530 1918 2726 1981; x_wconf 88' lang='lat' dir='ltr'>quum</span> 
     </span>
     <span class='ocr_line' id='line_1_18' title="bbox 408 2006 2729 2102; baseline -0.008 -20"><span class='ocrx_word' id='word_1_130' title='bbox 408 2016 662 2083; x_wconf 86' lang='lat' dir='ltr'>saeculo</span> <span class='ocrx_word' id='word_1_131' title='bbox 708 2015 985 2102; x_wconf 85' lang='lat' dir='ltr'>septimo</span> <span class='ocrx_word' id='word_1_132' title='bbox 1032 2012 1290 2076; x_wconf 87' lang='lat' dir='ltr'>litterae</span> <span class='ocrx_word' id='word_1_133' title='bbox 1338 2032 1570 2095; x_wconf 85' lang='lat' dir='ltr'>magno</span> <span class='ocrx_word' id='word_1_134' title='bbox 1617 2008 1836 2072; x_wconf 87' lang='lat' dir='ltr'>studio</span> <span class='ocrx_word' id='word_1_135' title='bbox 1880 2006 2000 2072; x_wconf 87' lang='lat' dir='ltr'>coli</span> <span class='ocrx_word' id='word_1_136' title='bbox 2055 2010 2323 2091; x_wconf 87' lang='lat' dir='ltr'>coeptae</span> <span class='ocrx_word' id='word_1_137' title='bbox 2367 2008 2584 2075; x_wconf 85' lang='lat' dir='ltr'>essent</span> <span class='ocrx_word' id='word_1_138' title='bbox 2630 2024 2729 2065; x_wconf 90' lang='lat' dir='ltr'>ne-</span> 
     </span>
     <span class='ocr_line' id='line_1_19' title="bbox 408 2094 2728 2209; baseline -0.009 -19"><span class='ocrx_word' id='word_1_139' title='bbox 408 2145 533 2209; x_wconf 91' lang='lat' dir='ltr'>que</span> <span class='ocrx_word' id='word_1_140' title='bbox 579 2145 784 2209; x_wconf 88' lang='lat' dir='ltr'>pauca</span> <span class='ocrx_word' id='word_1_141' title='bbox 829 2119 1066 2206; x_wconf 85' lang='lat' dir='ltr'>ingenii</span> <span class='ocrx_word' id='word_1_142' title='bbox 1113 2117 1503 2181; x_wconf 88' lang='lat' dir='ltr'>documenta</span> <span class='ocrx_word' id='word_1_143' title='bbox 1549 2115 1953 2186; x_wconf 79' lang='lat' dir='ltr'>exsisterent,</span> <span class='ocrx_word' id='word_1_144' title='bbox 1997 2134 2070 2176; x_wconf 85' lang='lat' dir='ltr'>ea</span> <span class='ocrx_word' id='word_1_145' title='bbox 2117 2109 2435 2194; x_wconf 87' lang='lat' dir='ltr'>colligere,</span> <span class='ocrx_word' id='word_1_146' title='bbox 2484 2094 2728 2172; x_wconf 81' lang='lat' dir='ltr'>conser-</span> 
     </span>
     <span class='ocr_line' id='line_1_20' title="bbox 409 2214 2727 2310; baseline -0.008 -17"><span class='ocrx_word' id='word_1_147' title='bbox 409 2252 559 2295; x_wconf 86' lang='lat' dir='ltr'>vare</span> <span class='ocrx_word' id='word_1_148' title='bbox 603 2225 1205 2310; x_wconf 83' lang='lat' dir='ltr'>commentariisque</span> <span class='ocrx_word' id='word_1_149' title='bbox 1251 2224 1571 2297; x_wconf 83' lang='lat' dir='ltr'>instruere</span> <span class='ocrx_word' id='word_1_150' title='bbox 1616 2217 2172 2306; x_wconf 74' lang='lat' dir='ltr'>ingrediebantur-3</span> <span class='ocrx_word' id='word_1_151' title='bbox 2230 2214 2446 2277; x_wconf 86' lang='lat' dir='ltr'>Varro</span> <span class='ocrx_word' id='word_1_152' title='bbox 2492 2218 2727 2284; x_wconf 89' lang='lat' dir='ltr'>autem,</span> 
     </span>
     <span class='ocr_line' id='line_1_21' title="bbox 410 2318 2733 2421; baseline -0.01 -19"><span class='ocrx_word' id='word_1_153' title='bbox 410 2336 520 2421; x_wconf 90' lang='lat' dir='ltr'>qui</span> <span class='ocrx_word' id='word_1_154' title='bbox 580 2340 808 2421; x_wconf 81' lang='lat' dir='ltr'>postea</span> <span class='ocrx_word' id='word_1_155' title='bbox 871 2332 951 2397; x_wconf 90' lang='lat' dir='ltr'>de</span> <span class='ocrx_word' id='word_1_156' title='bbox 1009 2330 1184 2419; x_wconf 84' lang='lat' dir='ltr'>poesi</span> <span class='ocrx_word' id='word_1_157' title='bbox 1246 2318 1444 2394; x_wconf 85' lang='lat' dir='ltr'>latina</span> <span class='ocrx_word' id='word_1_158' title='bbox 1503 2326 1795 2413; x_wconf 81' lang='lat' dir='ltr'>scripsit,</span> <span class='ocrx_word' id='word_1_159' title='bbox 1835 2345 2077 2388; x_wconf 72' lang='lat' dir='ltr'>¹eorum</span> <span class='ocrx_word' id='word_1_160' title='bbox 2123 2319 2618 2390; x_wconf 83' lang='lat' dir='ltr'>commentarios</span> <span class='ocrx_word' id='word_1_161' title='bbox 2663 2322 2733 2379; x_wconf 87' lang='lat' dir='ltr'>et</span> 
     </span>
     <span class='ocr_line' id='line_1_22' title="bbox 409 2420 2727 2529; baseline -0.009 -23"><span class='ocrx_word' id='word_1_162' title='bbox 409 2443 652 2529; x_wconf 83' lang='lat' dir='ltr'>scripta</span> <span class='ocrx_word' id='word_1_163' title='bbox 707 2441 770 2504; x_wconf 86' lang='lat' dir='ltr'>in</span> <span class='ocrx_word' id='word_1_164' title='bbox 835 2436 1125 2502; x_wconf 87' lang='lat' dir='ltr'>manibus</span> <span class='ocrx_word' id='word_1_165' title='bbox 1186 2432 1479 2500; x_wconf 86' lang='lat' dir='ltr'>habebat.</span> <span class='ocrx_word' id='word_1_166' title='bbox 1565 2430 1669 2497; x_wconf 84' lang='lat' dir='ltr'>Cf.</span> <span class='ocrx_word' id='word_1_167' title='bbox 1717 2428 2025 2495; x_wconf 85' lang='lat' dir='ltr'>Ritschel.</span> <span class='ocrx_word' id='word_1_168' title='bbox 2073 2427 2112 2491; x_wconf 89' lang='lat' dir='ltr'>l.</span> <span class='ocrx_word' id='word_1_169' title='bbox 2147 2450 2201 2492; x_wconf 91' lang='lat' dir='ltr'>c.</span> <span class='ocrx_word' id='word_1_170' title='bbox 2236 2450 2298 2512; x_wconf 88' lang='lat' dir='ltr'>p.</span> <span class='ocrx_word' id='word_1_171' title='bbox 2336 2434 2418 2491; x_wconf 82' lang='lat'>92</span> <span class='ocrx_word' id='word_1_172' title='bbox 2464 2431 2529 2488; x_wconf 89' lang='lat' dir='ltr'>et</span> <span class='ocrx_word' id='word_1_173' title='bbox 2561 2420 2727 2487; x_wconf 88' lang='lat' dir='ltr'>Gell.</span> 
     </span>
     <span class='ocr_line' id='line_1_23' title="bbox 407 2525 2730 2628; baseline -0.009 -18"><span class='ocrx_word' id='word_1_174' title='bbox 407 2552 525 2621; x_wconf 92' lang='lat' dir='ltr'>III,</span> <span class='ocrx_word' id='word_1_175' title='bbox 559 2555 618 2612; x_wconf 84' lang='lat'>3.</span> <span class='ocrx_word' id='word_1_176' title='bbox 695 2544 889 2609; x_wconf 87' lang='lat' dir='ltr'>Unde</span> <span class='ocrx_word' id='word_1_177' title='bbox 935 2544 1069 2607; x_wconf 89' lang='lat' dir='ltr'>sine</span> <span class='ocrx_word' id='word_1_178' title='bbox 1115 2540 1312 2606; x_wconf 90' lang='lat' dir='ltr'>dubio</span> <span class='ocrx_word' id='word_1_179' title='bbox 1360 2537 1546 2603; x_wconf 84' lang='lat' dir='ltr'>nobis</span> <span class='ocrx_word' id='word_1_180' title='bbox 1593 2535 1972 2628; x_wconf 84' lang='lat' dir='ltr'>concludere</span> <span class='ocrx_word' id='word_1_181' title='bbox 2001 2533 2171 2608; x_wconf 82' lang='lat' dir='ltr'>licet,</span> <span class='ocrx_word' id='word_1_182' title='bbox 2217 2531 2585 2597; x_wconf 83' lang='lat' dir='ltr'>Volcatium</span> <span class='ocrx_word' id='word_1_183' title='bbox 2621 2525 2730 2591; x_wconf 85' lang='lat' dir='ltr'>Se-</span> 
     </span>
     <span class='ocr_line' id='line_1_24' title="bbox 409 2633 2733 2740; baseline -0.009 -22"><span class='ocrx_word' id='word_1_184' title='bbox 409 2653 716 2740; x_wconf 88' lang='lat' dir='ltr'>digitum,</span> <span class='ocrx_word' id='word_1_185' title='bbox 786 2650 954 2714; x_wconf 87' lang='lat' dir='ltr'>idem</span> <span class='ocrx_word' id='word_1_186' title='bbox 1015 2648 1187 2733; x_wconf 90' lang='lat' dir='ltr'>quod</span> <span class='ocrx_word' id='word_1_187' title='bbox 1251 2646 1493 2717; x_wconf 84' lang='lat' dir='ltr'>Varro,</span> <span class='ocrx_word' id='word_1_188' title='bbox 1566 2642 1674 2725; x_wconf 89' lang='lat' dir='ltr'>qui</span> <span class='ocrx_word' id='word_1_189' title='bbox 1732 2641 1952 2704; x_wconf 90' lang='lat' dir='ltr'>eadem</span> <span class='ocrx_word' id='word_1_190' title='bbox 2008 2633 2144 2703; x_wconf 85' lang='lat' dir='ltr'>fere</span> <span class='ocrx_word' id='word_1_191' title='bbox 2211 2641 2423 2702; x_wconf 86' lang='lat' dir='ltr'>aetate</span> <span class='ocrx_word' id='word_1_192' title='bbox 2483 2635 2733 2698; x_wconf 86' lang='lat' dir='ltr'>viveret</span> 
     </span>
     <span class='ocr_line' id='line_1_25' title="bbox 407 2740 2731 2843; baseline -0.01 -18"><span class='ocrx_word' id='word_1_193' title='bbox 407 2759 715 2843; x_wconf 79' lang='lat' dir='ltr'>cujusque</span> <span class='ocrx_word' id='word_1_194' title='bbox 760 2756 841 2820; x_wconf 90' lang='lat' dir='ltr'>de</span> <span class='ocrx_word' id='word_1_195' title='bbox 889 2754 1170 2823; x_wconf 89' lang='lat' dir='ltr'>Caecilio</span> <span class='ocrx_word' id='word_1_196' title='bbox 1214 2751 1529 2837; x_wconf 87' lang='lat' dir='ltr'>judicium</span> <span class='ocrx_word' id='word_1_197' title='bbox 1593 2746 1984 2822; x_wconf 82' lang='lat' dir='ltr'>simillimum</span> <span class='ocrx_word' id='word_1_198' title='bbox 2048 2742 2403 2808; x_wconf 84' lang='lat' dir='ltr'>sententiae</span> <span class='ocrx_word' id='word_1_199' title='bbox 2454 2740 2731 2825; x_wconf 86' lang='lat' dir='ltr'>Sedigiti</span> 
     </span>
     <span class='ocr_line' id='line_1_26' title="bbox 407 2845 2730 2953; baseline -0.011 -22"><span class='ocrx_word' id='word_1_200' title='bbox 407 2865 917 2953; x_wconf 82' lang='lat' dir='ltr'>cognoverimus,</span> <span class='ocrx_word' id='word_1_201' title='bbox 966 2861 1222 2924; x_wconf 85' lang='lat' dir='ltr'>disertis</span> <span class='ocrx_word' id='word_1_202' title='bbox 1270 2855 1480 2922; x_wconf 86' lang='lat' dir='ltr'>verbis</span> <span class='ocrx_word' id='word_1_203' title='bbox 1514 2855 1594 2918; x_wconf 89' lang='lat' dir='ltr'>de</span> <span class='ocrx_word' id='word_1_204' title='bbox 1639 2859 1873 2917; x_wconf 86' lang='lat' dir='ltr'>natura</span> <span class='ocrx_word' id='word_1_205' title='bbox 1919 2855 1984 2915; x_wconf 90' lang='lat' dir='ltr'>et</span> <span class='ocrx_word' id='word_1_206' title='bbox 2015 2848 2226 2913; x_wconf 90' lang='lat' dir='ltr'>indole</span> <span class='ocrx_word' id='word_1_207' title='bbox 2268 2847 2479 2934; x_wconf 88' lang='lat' dir='ltr'>poesis</span> <span class='ocrx_word' id='word_1_208' title='bbox 2515 2845 2730 2920; x_wconf 78' lang='lat' dir='ltr'>Plauti</span> 
     </span>
     <span class='ocr_line' id='line_1_27' title="bbox 406 2949 2724 3054; baseline -0.013 -18"><span class='ocrx_word' id='word_1_209' title='bbox 406 2972 642 3046; x_wconf 87' lang='lat' dir='ltr'>tradit,</span> <span class='ocrx_word' id='word_1_210' title='bbox 706 2968 1026 3054; x_wconf 82' lang='lat' dir='ltr'>cogitasse</span> <span class='ocrx_word' id='word_1_211' title='bbox 1086 2985 1291 3048; x_wconf 88' lang='lat' dir='ltr'>neque</span> <span class='ocrx_word' id='word_1_212' title='bbox 1352 2962 1610 3026; x_wconf 89' lang='lat' dir='ltr'>omnino</span> <span class='ocrx_word' id='word_1_213' title='bbox 1673 2959 1995 3023; x_wconf 86' lang='lat' dir='ltr'>diversum</span> <span class='ocrx_word' id='word_1_214' title='bbox 2056 2954 2357 3019; x_wconf 88' lang='lat' dir='ltr'>habuisse</span> <span class='ocrx_word' id='word_1_215' title='bbox 2391 2949 2724 3036; x_wconf 84' lang='lat' dir='ltr'>judicium.</span> 
     </span>
     <span class='ocr_line' id='line_1_28' title="bbox 409 3059 2723 3143; baseline -0.014 0"><span class='ocrx_word' id='word_1_216' title='bbox 409 3076 578 3143; x_wconf 88' lang='lat' dir='ltr'>Cum</span> <span class='ocrx_word' id='word_1_217' title='bbox 640 3077 937 3143; x_wconf 88' lang='lat' dir='ltr'>Varrone</span> <span class='ocrx_word' id='word_1_218' title='bbox 997 3071 1162 3138; x_wconf 87' lang='lat' dir='ltr'>enim</span> <span class='ocrx_word' id='word_1_219' title='bbox 1223 3074 1291 3133; x_wconf 89' lang='lat' dir='ltr'>et</span> <span class='ocrx_word' id='word_1_220' title='bbox 1351 3068 1538 3130; x_wconf 90' lang='lat' dir='ltr'>Aelio</span> <span class='ocrx_word' id='word_1_221' title='bbox 1602 3063 1850 3129; x_wconf 90' lang='lat' dir='ltr'>Stilone</span> <span class='ocrx_word' id='word_1_222' title='bbox 1919 3062 2054 3126; x_wconf 87' lang='lat' dir='ltr'>sine</span> <span class='ocrx_word' id='word_1_223' title='bbox 2115 3059 2312 3124; x_wconf 88' lang='lat' dir='ltr'>dubio</span> <span class='ocrx_word' id='word_1_224' title='bbox 2369 3072 2723 3115; x_wconf 84' lang='lat' dir='ltr'>sermonem</span> 
     </span>
     <span class='ocr_line' id='line_1_29' title="bbox 404 3168 2728 3254; baseline -0.014 -5"><span class='ocrx_word' id='word_1_225' title='bbox 404 3180 925 3249; x_wconf 81' lang='lat' dir='ltr'>latinum&#39;Plauti</span> <span class='ocrx_word' id='word_1_226' title='bbox 961 3173 1404 3241; x_wconf 83' lang='lat' dir='ltr'>admirabatur</span> <span class='ocrx_word' id='word_1_227' title='bbox 1437 3170 1776 3236; x_wconf 86' lang='lat' dir='ltr'>Volcatius</span> <span class='ocrx_word' id='word_1_228' title='bbox 1818 3168 2147 3254; x_wconf 78' lang='lat' dir='ltr'>Sedigitas</span> <span class='ocrx_word' id='word_1_229' title='bbox 2193 3168 2260 3227; x_wconf 90' lang='lat' dir='ltr'>et</span> <span class='ocrx_word' id='word_1_230' title='bbox 2305 3181 2500 3243; x_wconf 87' lang='lat' dir='ltr'>quum</span> <span class='ocrx_word' id='word_1_231' title='bbox 2534 3178 2728 3219; x_wconf 84' lang='lat' dir='ltr'>unam</span> 
     </span>
     <span class='ocr_line' id='line_1_30' title="bbox 407 3270 2729 3354; baseline -0.013 0"><span class='ocrx_word' id='word_1_232' title='bbox 407 3295 659 3354; x_wconf 89' lang='lat' dir='ltr'>tantum</span> <span class='ocrx_word' id='word_1_233' title='bbox 724 3286 1035 3350; x_wconf 88' lang='lat' dir='ltr'>rationem</span> <span class='ocrx_word' id='word_1_234' title='bbox 1098 3283 1160 3345; x_wconf 90' lang='lat' dir='ltr'>in</span> <span class='ocrx_word' id='word_1_235' title='bbox 1221 3278 1677 3344; x_wconf 84' lang='lat' dir='ltr'>constituendo</span> <span class='ocrx_word' id='word_1_236' title='bbox 1736 3297 1978 3340; x_wconf 81' lang='lat' dir='ltr'>canone</span> <span class='ocrx_word' id='word_1_237' title='bbox 2034 3293 2176 3334; x_wconf 89' lang='lat' dir='ltr'>eum</span> <span class='ocrx_word' id='word_1_238' title='bbox 2238 3270 2531 3330; x_wconf 82' lang='lat' dir='ltr'>secutum</span> <span class='ocrx_word' id='word_1_239' title='bbox 2585 3283 2729 3325; x_wconf 87' lang='lat' dir='ltr'>esse</span> 
     </span>
    </p>
   </div>
   <div class='ocr_carea' id='block_1_4' title="bbox 393 3581 2727 4325">
    <p class='ocr_par' dir='ltr' id='par_1_4' title="bbox 393 3581 2727 4325">
     <span class='ocr_line' id='line_1_31' title="bbox 404 3581 2727 3684; baseline -0.015 -12"><span class='ocrx_word' id='word_1_240' title='bbox 404 3629 522 3672; x_wconf 81' lang='lat' dir='ltr'>nos</span> <span class='ocrx_word' id='word_1_241' title='bbox 552 3604 890 3677; x_wconf 81' lang='lat' dir='ltr'>Horatius,</span> <span class='ocrx_word' id='word_1_242' title='bbox 941 3599 1048 3684; x_wconf 91' lang='lat' dir='ltr'>qui</span> <span class='ocrx_word' id='word_1_243' title='bbox 1072 3600 1257 3683; x_wconf 86' lang='lat' dir='ltr'>jocos</span> <span class='ocrx_word' id='word_1_244' title='bbox 1286 3596 1643 3668; x_wconf 48' lang='lat' dir='ltr'>Plautino&amp;</span> <span class='ocrx_word' id='word_1_245' title='bbox 1693 3614 1855 3675; x_wconf 89' lang='lat' dir='ltr'>quos</span> <span class='ocrx_word' id='word_1_246' title='bbox 1888 3586 2120 3652; x_wconf 85' lang='lat' dir='ltr'>Cicero</span> <span class='ocrx_word' id='word_1_247' title='bbox 2166 3582 2247 3647; x_wconf 92' lang='lat' dir='ltr'>de</span> <span class='ocrx_word' id='word_1_248' title='bbox 2278 3581 2383 3645; x_wconf 83' lang='lat' dir='ltr'>off.</span> <span class='ocrx_word' id='word_1_249' title='bbox 2417 3585 2468 3654; x_wconf 94' lang='grc' dir='ltr'>Ι,</span> <span class='ocrx_word' id='word_1_250' title='bbox 2505 3586 2605 3652; x_wconf 78' lang='lat'>29,</span> <span class='ocrx_word' id='word_1_251' title='bbox 2646 3581 2727 3638; x_wconf 87' lang='grc'>12</span> 
     </span>
     <span class='ocr_line' id='line_1_32' title="bbox 404 3683 2726 3794; baseline -0.013 -14"><span class='ocrx_word' id='word_1_252' title='bbox 404 3713 647 3793; x_wconf 84' lang='lat' dir='ltr'>laudat,</span> <span class='ocrx_word' id='word_1_253' title='bbox 695 3711 836 3775; x_wconf 79' lang='lat' dir='ltr'>Art.</span> <span class='ocrx_word' id='word_1_254' title='bbox 873 3712 1047 3794; x_wconf 83' lang='lat' dir='ltr'>poet.</span> <span class='ocrx_word' id='word_1_255' title='bbox 1080 3729 1135 3771; x_wconf 87' lang='lat' dir='ltr'>v.</span> <span class='ocrx_word' id='word_1_256' title='bbox 1175 3711 1301 3768; x_wconf 82' lang='lat'>270</span> <span class='ocrx_word' id='word_1_257' title='bbox 1345 3700 1754 3766; x_wconf 81' lang='lat' dir='ltr'>acerbissime</span> <span class='ocrx_word' id='word_1_258' title='bbox 1787 3695 2112 3778; x_wconf 80' lang='lat' dir='ltr'>vituperat</span> <span class='ocrx_word' id='word_1_259' title='bbox 2143 3690 2390 3774; x_wconf 87' lang='lat' dir='ltr'>aliaque</span> <span class='ocrx_word' id='word_1_260' title='bbox 2422 3686 2475 3750; x_wconf 92' lang='lat' dir='ltr'>ei</span> <span class='ocrx_word' id='word_1_261' title='bbox 2508 3707 2604 3768; x_wconf 88' lang='lat' dir='ltr'>ep.</span> <span class='ocrx_word' id='word_1_262' title='bbox 2636 3683 2726 3749; x_wconf 77' lang='grc' dir='ltr'>Π,</span> 
     </span>
     <span class='ocr_line' id='line_1_33' title="bbox 410 3782 2726 3900; baseline -0.017 -17"><span class='ocrx_word' id='word_1_263' title='bbox 410 3828 466 3895; x_wconf 90' lang='grc'>1,</span> <span class='ocrx_word' id='word_1_264' title='bbox 506 3827 625 3883; x_wconf 79' lang='lat'>171</span> <span class='ocrx_word' id='word_1_265' title='bbox 674 3815 931 3900; x_wconf 83' lang='lat' dir='ltr'>objicit,</span> <span class='ocrx_word' id='word_1_266' title='bbox 979 3823 1143 3896; x_wconf 85' lang='lat' dir='ltr'>q&#39;uae</span> <span class='ocrx_word' id='word_1_267' title='bbox 1184 3815 1432 3881; x_wconf 85' lang='lat' dir='ltr'>tamen,</span> <span class='ocrx_word' id='word_1_268' title='bbox 1484 3826 1681 3890; x_wconf 86' lang='lat' dir='ltr'>quum</span> <span class='ocrx_word' id='word_1_269' title='bbox 1728 3825 1824 3865; x_wconf 84' lang='lat' dir='ltr'>ex·</span> <span class='ocrx_word' id='word_1_270' title='bbox 1855 3798 2059 3885; x_wconf 83' lang='lat' dir='ltr'>ipsius</span> <span class='ocrx_word' id='word_1_271' title='bbox 2102 3796 2362 3861; x_wconf 84' lang='lat' dir='ltr'>Horatii</span> <span class='ocrx_word' id='word_1_272' title='bbox 2407 3782 2726 3855; x_wconf 82' lang='lat' dir='ltr'>sententia</span> 
     </span>
     <span class='ocr_line' id='line_1_34' title="bbox 404 3891 2726 4012; baseline -0.019 -23"><span class='ocrx_word' id='word_1_273' title='bbox 404 3924 732 4012; x_wconf 80' lang='lat' dir='ltr'>profluant</span> <span class='ocrx_word' id='word_1_274' title='bbox 789 3941 995 4004; x_wconf 85' lang='lat' dir='ltr'>neque</span> <span class='ocrx_word' id='word_1_275' title='bbox 1054 3918 1121 3981; x_wconf 91' lang='lat' dir='ltr'>id</span> <span class='ocrx_word' id='word_1_276' title='bbox 1177 3919 1446 4000; x_wconf 85' lang='lat' dir='ltr'>agatur,</span> <span class='ocrx_word' id='word_1_277' title='bbox 1511 3915 1617 3984; x_wconf 89' lang='lat' dir='ltr'>ut,</span> <span class='ocrx_word' id='word_1_278' title='bbox 1675 3930 1805 3992; x_wconf 93' lang='lat' dir='ltr'>quo</span> <span class='ocrx_word' id='word_1_279' title='bbox 1842 3906 1991 3990; x_wconf 85' lang='lat' dir='ltr'>jure</span> <span class='ocrx_word' id='word_1_280' title='bbox 2037 3903 2157 3968; x_wconf 88' lang='lat' dir='ltr'>hae</span> <span class='ocrx_word' id='word_1_281' title='bbox 2203 3891 2726 3987; x_wconf 73' lang='lat' dir='ltr'>reprehensiones</span> 
     </span>
     <span class='ocr_line' id='line_1_35' title="bbox 401 3996 2727 4113; baseline -0.018 -18"><span class='ocrx_word' id='word_1_282' title='bbox 401 4032 582 4107; x_wconf 75' lang='lat' dir='ltr'>fiant,</span> <span class='ocrx_word' id='word_1_283' title='bbox 615 4047 1032 4113; x_wconf 82' lang='lat' dir='ltr'>exponamus,</span> <span class='ocrx_word' id='word_1_284' title='bbox 1074 4022 1186 4086; x_wconf 88' lang='lat' dir='ltr'>sed</span> <span class='ocrx_word' id='word_1_285' title='bbox 1218 4018 1544 4104; x_wconf 87' lang='lat' dir='ltr'>quodnam</span> <span class='ocrx_word' id='word_1_286' title='bbox 1579 4013 1853 4104; x_wconf 79' lang='lat' dir='ltr'>Sedigiti</span> <span class='ocrx_word' id='word_1_287' title='bbox 1886 4016 1953 4075; x_wconf 90' lang='lat' dir='ltr'>et</span> <span class='ocrx_word' id='word_1_288' title='bbox 1982 4009 2340 4094; x_wconf 87' lang='lat' dir='ltr'>aequalium</span> <span class='ocrx_word' id='word_1_289' title='bbox 2374 4001 2453 4064; x_wconf 90' lang='lat' dir='ltr'>de</span> <span class='ocrx_word' id='word_1_290' title='bbox 2485 3996 2727 4062; x_wconf 88' lang='lat' dir='ltr'>Plauto</span> 
     </span>
     <span class='ocr_line' id='line_1_36' title="bbox 393 4100 2727 4221; baseline -0.018 -20"><span class='ocrx_word' id='word_1_291' title='bbox 393 4136 709 4221; x_wconf 88' lang='lat' dir='ltr'>judicium</span> <span class='ocrx_word' id='word_1_292' title='bbox 766 4131 998 4203; x_wconf 86' lang='lat' dir='ltr'>fuerit,</span> <span class='ocrx_word' id='word_1_293' title='bbox 1058 4126 1454 4199; x_wconf 83' lang='lat' dir='ltr'>omittimus3</span> <span class='ocrx_word' id='word_1_294' title='bbox 1520 4120 1679 4185; x_wconf 89' lang='lat' dir='ltr'>illud</span> <span class='ocrx_word' id='word_1_295' title='bbox 1738 4142 1927 4193; x_wconf 84' lang='lat' dir='ltr'>vero,</span> <span class='ocrx_word' id='word_1_296' title='bbox 1988 4115 2164 4201; x_wconf 91' lang='lat' dir='ltr'>quod</span> <span class='ocrx_word' id='word_1_297' title='bbox 2225 4107 2474 4195; x_wconf 83' lang='lat' dir='ltr'>profert</span> <span class='ocrx_word' id='word_1_298' title='bbox 2517 4100 2727 4167; x_wconf 87' lang='lat' dir='ltr'>Hora-</span> 
     </span>
     <span class='ocr_line' id='line_1_37' title="bbox 405 4218 2727 4325; baseline -0.017 -20"><span class='ocrx_word' id='word_1_299' title='bbox 405 4242 534 4305; x_wconf 83' lang='lat' dir='ltr'>tius&#39;</span> <span class='ocrx_word' id='word_1_300' title='bbox 566 4261 665 4325; x_wconf 88' lang='lat' dir='ltr'>ep.</span> <span class='ocrx_word' id='word_1_301' title='bbox 698 4242 783 4311; x_wconf 92' lang='grc' dir='ltr'>ΙΙ,</span> <span class='ocrx_word' id='word_1_302' title='bbox 820 4246 875 4310; x_wconf 87' lang='grc'>1,</span> <span class='ocrx_word' id='word_1_303' title='bbox 912 4242 1015 4309; x_wconf 88' lang='lat'>58,</span> <span class='ocrx_word' id='word_1_304' title='bbox 1063 4232 1364 4317; x_wconf 87' lang='lat' dir='ltr'>quoniam</span> <span class='ocrx_word' id='word_1_305' title='bbox 1405 4250 1532 4292; x_wconf 91' lang='lat' dir='ltr'>non</span> <span class='ocrx_word' id='word_1_306' title='bbox 1580 4228 1802 4312; x_wconf 84' lang='lat' dir='ltr'>ipsius,</span> <span class='ocrx_word' id='word_1_307' title='bbox 1853 4224 1964 4288; x_wconf 88' lang='lat' dir='ltr'>sed</span> <span class='ocrx_word' id='word_1_308' title='bbox 2011 4237 2346 4286; x_wconf 86' lang='lat' dir='ltr'>commune</span> <span class='ocrx_word' id='word_1_309' title='bbox 2390 4218 2457 4277; x_wconf 89' lang='lat' dir='ltr'>et</span> <span class='ocrx_word' id='word_1_310' title='bbox 2501 4226 2727 4290; x_wconf 85' lang='lat' dir='ltr'>aequa-</span> 
     </span>
    </p>
   </div>
  </div>
 </body>
</html>
