2946 4761
1387 262 1469 320 28

1226 347 1385 354 -ς-

275 450 624 538 stellung.“
671 448 891 531 Quam
923 449 1006 516 ob
1050 472 1186 515 rem
1220 471 1409 515 nemo
1441 449 1732 526 miretur,
1779 449 1889 513 tali
1922 450 2178 535 ingenio
2211 450 2596 515 instructum

277 562 535 643 poetam
582 579 838 620 summa
880 556 1322 642 indignatione
1365 560 1431 620 et
1478 554 1629 619 odio
1684 576 1795 619 eos
1853 555 2266 640 persecutum
2312 566 2470 628 esse,
2533 555 2598 619 in

274 661 528 747 quibus,
577 684 739 745 quae
774 660 1411 747 reprehenderentur,
1459 660 1792 724 inveniret.

454 766 727 833 Summo
772 766 1155 853 igiturjure
1203 766 1582 831 concludere
1637 764 1836 830 nobis
1883 764 2196 839 videmur,
2258 765 2596 837 Naevium,

273 873 457 957 cujus
502 873 900 938 alacritatem
948 873 1143 935 animi
1187 876 1255 935 et
1284 872 1580 936 ardorem
1614 870 2054 956 cognovimus,
2102 872 2167 939 in
2213 894 2598 957 componen.

246 978 375 1043 'die
414 978 762 1043 comoediis
797 979 964 1041 vires
996 977 1277 1041 intentas
1309 999 1459 1040 suas
1493 977 1810 1050 habuisse,
1844 980 1919 1040 ut
1953 976 2153 1057 πάθη,
2195 977 2429 1061 quibus
2460 978 2602 1063 ipse

273 1083 585 1159 fervebat,
633 1084 695 1147 in
730 1082 1207 1168 spectatoribus
1251 1104 1512 1165 quoquc
1561 1081 1657 1146 vel
1708 1080 2053 1145 lectoribus
2100 1081 2462 1147 fabularum
2509 1083 2598 1147 in·

271 1190 634 1254 flammaret
678 1198 745 1253 et
790 1189 985 1253 animi
1032 1188 1556 1274 perturbationes
1600 1187 1900 1251 omnibus
1955 1188 2250 1273 pingeret
2294 1194 2361 1252 et
2406 1211 2595 1274 expo-

272 1295 421 1360 liret
464 1297 620 1359 artis
652 1295 992 1361 coloribus.
1047 1294 1319 1358 Valken.
1352 1294 1553 1378 igitur
1583 1292 1663 1355 ad
1697 1292 1969 1356 Theocr.
2003 1293 2213 1358 Adon.
2250 1298 2334 1365 11,
2371 1317 2433 1379 p.
2471 1300 2594 1360 163

270 1401 465 1466 dicit:
514 1401 894 1482 „Permulta
939 1398 1311 1480 (παθητικά)
1358 1399 1649 1484 suspicor
1701 1399 1766 1461 in
1799 1396 2021 1462 Naevii
2054 1398 2257 1463 fuisse
2294 1399 2593 1463 fabulis.“

272 1505 463 1586 Quae
530 1505 708 1586 πάθη
786 1528 987 1589 quum
1038 1527 1080 1567 a
1141 1501 1423 1568 Caecilio
1494 1525 1752 1587 quoque
1814 1509 1883 1568 et
1943 1503 2182 1568 Plauto
2253 1505 2595 1596 observata

263 1614 398 1698 jam
447 1617 637 1678 antea
683 1611 1206 1683 intellexerimus,
1271 1610 1501 1673 merito
1563 1631 1706 1673 cum
1770 1609 1892 1673 illis
1937 1608 2266 1674 confertur
2310 1609 2594 1674 Naevius

272 1724 339 1782 et
384 1718 501 1782 hos
549 1722 682 1782 tres
716 1724 939 1803 poetas
970 1717 1210 1781 artiore
1241 1716 1522 1799 quodam
1556 1716 1960 1801 cognationis
1993 1715 2248 1779 vinculo
2280 1737 2419 1780 sese
2450 1738 2595 1780 con·
2707 1722 2710 1727 ’

261 1824 522 1908 junctos
555 1823 791 1889 habere
835 1823 1027 1887 docet
1060 1821 1398 1885 Volcatius
1433 1820 1784 1905 Sedigitus.
1831 1819 1996 1885 Nam
2046 1820 2154 1883 illa
2197 1819 2394 1885 verba
2425 1843 2484 1884 v.
2519 1827 2590 1884 8:

270 1927 390 2002 „Si
435 1930 635 2013 quid“
680 1977 696 1992 .
746 1976 762 1993 .
812 1977 831 1992 .
875 1951 1107 1992 novam
1156 1927 1291 1991 sine
1336 1927 1533 1992 dubio
1594 1927 1909 1991 inducunt
1951 1927 2337 1991 sententiam
2385 1948 2592 2011 neque

269 2034 441 2099 forte
484 2036 744 2099 nomina
788 2038 1127 2120 poetarum
1185 2033 1383 2097 trium
1444 2034 1798 2117 primorum
1855 2033 1918 2096 in
1976 2032 2318 2118 principio,
2381 2054 2598 2096 secun-

271 2140 503 2204 dorum
551 2164 703 2205 vero
734 2142 798 2204 in
829 2140 955 2204 fine
984 2160 1283 2202 versuum
1319 2139 1531 2224 posita
1561 2139 1999 2225 suspicamur3
2047 2160 2174 2222 qua
2219 2160 2308 2209 re,
2357 2138 2410 2201 si
2442 2137 2602 2222 quid

272 2247 576 2332 sapimus,
606 2245 979 2321 Caecilium,
1014 2245 1321 2309 Plautum
1349 2244 1852 2329 Naeviumquea
1873 2243 2151 2327 reliquis,
2184 2244 2295 2328 qui
2329 2266 2597 2328 sequun-

271 2357 400 2425 tur,
466 2353 678 2440 poetis
728 2353 1068 2418 Volcatius
1114 2346 1448 2436 Sedigitas
1511 2350 1830 2434 sejunctos
1892 2350 2048 2415 vult.
2094 2389 2185 2408 —v-
2230 2349 2335 2415 De
2386 2350 2602 2418 causis

268 2458 459 2543 hujus
503 2460 930 2545 separationis
975 2466 1041 2524 et
1103 2456 1433 2520 divisionis
1488 2456 1751 2520 canonis
1798 2462 2030 2541 postea
2070 2456 2336 2522 uberius
2383 2458 2600 2544 dispu-

269 2569 414 2629 tare
455 2566 520 2628 in
565 2566 779 2630 animo
822 2573 944 2657 est.

448 2669 578 2736 Sed
614 2671 1148 2761 jamtquaeritun
1197 2697 1322 2759 qua
1367 2675 1620 2739 rat-ione
1653 2673 1985 2760 Sedigitas
2031 2676 2176 2740 hos
2224 2680 2401 2741 tres
2447 2677 2600 2762 pri-

271 2798 435 2841 mos
482 2780 775 2862 poetas
817 2779 1167 2843 contulerit
1212 2804 1287 2844 ac
1330 2781 1561 2864 cuique
1605 2803 1792 2844 suum
1842 2782 2092 2846 dederit
2136 2782 2371 2847 locum.

447 2880 772 2947 Omnibus
819 2882 916 2947 his
960 2885 1171 2949 tribus
1218 2887 1430 2972 poetis
1476 2887 1852 2973 simplicitas
1913 2889 2226 2971 quaedam
2277 2886 2594 2951 naturalis

270 2992 337 3052 et
395 2988 696 3052 alacritas
745 2989 877 3071 joci
938 2996 1003 3054 et
1067 2991 1377 3056 irrisionis
1438 2992 1629 3057 insita
1688 3000 1807 3068 est,
1878 3015 2006 3078 qua
2061 2999 2130 3058 et
2198 2992 2596 3059 comoediam

269 3094 602 3178 antiquam
648 3093 960 3180 insignem
1007 3095 1539 3174 fuisse'scimu83
1596 3121 1838 3174 omnes,
1897 3105 1972 3164 ut
2025 3099 2144 3173 his,
2192 3119 2357 3182 quae
2401 3102 2594 3158 antea'

267 3200 721 3274 disseruimus,
794 3200 1061 3265 evicisse
1124 3207 1446 3287 putamus,
1510 3203 1687 3287 πάθη
1755 3227 2161 3272 commovere
2218 3202 2589 3266 studebant.

266 3305 532 3392 Dispari
597 3313 813 3370 tamen
873 3307 978 3370 via
1036 3313 1103 3371 et
1151 3305 1421 3385 ratione,
1481 3313 1555 3372 ut
1619 3309 1788 3375 bunc
1849 3312 2335 3394 assequerentur
2377 3305 2600 3380 finem,-

265 3412 639 3487 utebantur,
688 3412 859 3477 unde
902 3413 1226 3499 disparem
1272 3414 1464 3478 etiam
1511 3415 1810 3481 obtinent
1839 3416 2099 3480 canonis
2130 3415 2360 3478 locum.
2421 3411 2589 3477 Nam

266 3517 568 3594 Naevius,
640 3523 714 3582 ut
771 3519 928 3582 satis
986 3541 1065 3583 ex
1113 3520 1249 3603 ejus
1294 3522 1768 3586 comoediarum
1804 3521 2114 3605 -reliquiis
2173 3526 2242 3584 et
2300 3525 2588 3588 veterum
2694 3584 2700 3590 ,

268 3624 656 3688 testimoniis
702 3624 924 3709 liquet,
970 3626 1188 3689 studio
1230 3625 1537 3690 illudendi
1583 3634 1649 3694 et
1696 3626 2103 3691 acerbissime
2145 3625 2481 3691 invehendi
2526 3625 2592 3688 in

267 3730 627 3814 aequalium
664 3730 762 3794 vel
796 3731 1157 3817 principum
1194 3733 1350 3796 vitia
1379 3737 1446 3796 et
1477 3732 1748 3796 ferventi
1786 3732 2064 3796 dictione
2096 3731 2426 3796 hominum
2464 3754 2589 3794 mo-

264 3855 369 3899 res
412 3837 823 3921 actionesque
865 3835 1265 3901 describendi
1312 3837 1410 3902 vel
1470 3837 1776 3902 irridendi
1837 3838 2034 3908 valeti
2087 3860 2219 3922 qua
2275 3832 2456 3903 ,certe
2496 3860 2589 3900 ra-

266 3942 441 4005 tione
498 3963 767 4027 magnae
824 3946 1269 4027 spectatorum
1329 3943 1533 4029 partis
1581 3949 1646 4007 et
1689 3943 1914 4029 plebis,
1988 3966 2151 4027 quae
2196 3942 2594 4029 castigandis

264 4047 438 4110 vitiis
484 4047 1125 4132 cavillationibusque
1168 4048 1475 4112 delectari
1520 4049 1703 4121 solet,
1768 4050 2165 4114 voluntatem
2224 4056 2292 4112 et
2332 4048 2592 4134 applau-

265 4173 409 4216 sum
471 4152 592 4217 sibi
645 4155 915 4239 peperit.
989 4191 1065 4202 -·
1131 4153 1428 4229 Plautus,
1493 4154 1690 4219 homo
1749 4155 2011 4241 ignobili
2070 4155 2213 4220 loco
2275 4161 2467 4230 natus
2523 4160 2596 4217 et

264 4258 549 4333 adultus,
596 4259 962 4322 rusticitate
997 4259 1295 4342 jocorum
1343 4264 1414 4324 et
1456 4260 1817 4325 insolentiis
1847 4262 2189 4326 verborum
2238 4260 2598 4325 multitudi-
