2946 4761
402 480 596 522 anam
631 455 950 522 Graecam
1002 457 1398 521 comoediam
1448 476 1700 522 morum
1748 457 2242 542 descriptionem
2277 460 2344 520 et
2374 457 2544 520 vitae
2583 454 2717 533 ¹vala

402 562 580 650 garis
621 580 813 647 quam
877 562 1422 626 accuratissimam
1466 563 1813 648 imaginem
1874 567 2024 626 ante
2068 561 2288 626 oculos
2334 583 2572 647 ponere
2616 583 2716 625 co-

398 668 626 744 natur3
686 688 817 751 quo
860 667 954 741 fit,
1017 671 1094 731 ut
1139 668 1275 751 ejus
1333 669 1702 743 comoediae
1745 667 1969 751 ἠθικαί
2010 666 2109 732 vel
2163 672 2454 731 moratae
2498 666 2715 731 baberi

399 774 683 861 possint3
728 771 984 838 Trabea
1026 794 1199 848 vero,
1248 774 1356 857 qui
1403 774 1466 836 in
1504 774 1712 863 medio
1757 779 1878 847 est,
1925 773 2194 837 affectus
2222 771 2319 836 vel
2351 773 2531 856 πάθη
2563 794 2717 857 quo-

399 901 524 964 que
572 881 1019 965 spectatorum·
1060 882 1311 964 spectat
1355 883 1613 964 praeter
1658 879 2153 964 descriptionem
2202 894 2452 941 morum
2499 884 2568 942 et
2610 877 2715 955 ho-

398 985 670 1059 minum3
745 982 1077 1069 Turpilius
1146 984 1420 1068 denique
1483 982 1552 1046 τὸ
1615 977 1780 1066 ἦθος
1838 985 2098 1053 omnino
2159 983 2486 1069 negligens
2549 1006 2715 1048 sum·-

401 1111 577 1153 mum
637 1089 1005 1154 comoediae
1058 1089 1250 1153 finem
1316 1090 1501 1174 ponit
1561 1090 1626 1153 in
1687 1090 2166 1155 commovendis
2219 1088 2556 1154 affectibus
2613 1089 2716 1154 vel

400 1205 530 1270 τοῖς
575 1192 863 1259 πάθεσιν.
2697 1262 2702 1273 ‚

573 1299 835 1364 Deinde
877 1301 1115 1385 majore
1149 1301 1284 1384 jam
1331 1299 1523 1365 laude
1565 1301 1743 1387 digni
1789 1300 2130 1377 habentur,
2178 1301 2288 1386 qui
2334 1303 2713 1384 sequuntur,

398 1405 760 1481 Terentius,
808 1406 1068 1480 Atilius,
1119 1406 1429 1481 Licinius,
1476 1407 1652 1490 quod
1683 1407 1765 1471 ad
1797 1407 2089 1472 altiorem
2124 1406 2581 1493 perfectionem
2612 1428 2711 1470 co-

400 1510 687 1576 moediae
733 1510 1035 1597 palliatae
1078 1511 1539 1576 contendentes
1584 1512 1823 1599 plura
1881 1513 2274 1600 exemplaria
2314 1510 2567 1577 Graeca
2610 1512 2713 1576 ad-

394 1615 765 1693 ¹hibuerunt,
828 1622 894 1680 et
940 1616 1248 1704 eligentes
1294 1641 1374 1683 ex
1419 1640 1828 1703 unoquoque,
1886 1641 2050 1703 quae
2109 1624 2264 1704 apta
2308 1618 2711 1697 videbantur,

396 1745 626 1795 novam
684 1722 1081 1786 comoediam
1144 1723 1411 1795 latinam
1471 1723 1913 1792 condiderunt.
2007 1724 2155 1789 Hoc
2201 1746 2457 1809 quoque
2501 1725 2566 1789 in
2610 1746 2712 1810 ge,-

395 1850 565 1904 nere,
625 1828 736 1912 qui
796 1828 863 1892 in
923 1827 1358 1905 describendis
1422 1828 1707 1894 moribus
1769 1829 1866 1894 vel
1927 1829 2151 1912 ἤθεσιν
2205 1835 2536 1906 versatur,
2580 1829 2715 1903 infr,-

399 1956 575 2005 mgum
621 1934 873 1999 obtinet
919 1933 1128 1999 locum
1178 1938 1242 1998 et
1303 1958 1434 1999 non
1492 1935 1836 2012 miramur,
1885 1935 2060 2020 quod
2104 1936 2499 2011 Terentium,
2567 1958 2713 2020 poe-

395 2046 528 2115 tam
575 2039 1087 2104 laudatissimum
1134 2046 1201 2104 et
1246 2044 1421 2105 certe
1483 2040 1670 2104 laude
1730 2040 2175 2126 dignissimum
2225 2041 2428 2126 magis
2473 2041 2714 2126 ignotis

396 2145 654 2227 comicis
698 2144 1143 2231 posthabitum
1191 2145 1499 2211 videmus.
1591 2147 1829 2211 Atilius
1866 2146 2001 2230 jam
2041 2146 2219 2229 πάθη
2253 2146 2716 2212 commovenda.

397 2251 663 2323 curavit,
722 2256 789 2315 et
850 2274 978 2316 non
1036 2259 1277 2319 temere
1334 2251 1520 2316 nobis
1580 2253 1958 2323 concludere
2014 2252 2711 2329 videmur‚‘Licinium,

396 2357 504 2441 qui
550 2357 796 2444 primus
825 2357 995 2422 inter
1026 2355 1143 2422 hos
1189 2358 1471 2446 ponitur,
1520 2359 1597 2424 iis
1643 2358 1847 2424 solis
1891 2358 2215 2423 studuisse
2246 2358 2516 2443 ideoque
2547 2358 2713 2446 prin,-

393 2463 677 2550 cipatum
722 2462 1031 2550 obtinere.
1152 2539 1155 2546 Α
2692 2523 2698 2532 .

566 2566 784 2633 Facile
850 2574 1068 2634 autem
1139 2571 1554 2657 intelligitur,
1624 2570 2021 2640 comoediam
2093 2569 2420 2654 palliatam
2459 2569 2576 2640 ,ad
2630 2569 2713 2633 al-

393 2674 625 2737 tiorem
674 2674 1084 2759 perfectionis
1130 2677 1404 2761 gradum
1453 2677 1719 2764 perduci
1766 2675 1972 2762 posse.¹
2063 2675 2210 2739 Non
2258 2676 2425 2752 enim
2464 2676 2713 2761 ignora-

396 2800 557 2851 mus,
607 2800 699 2854 ea,
749 2800 912 2862 quae
955 2802 990 2843 e
1034 2782 1243 2843 medio
1290 2782 1533 2867 populo
1580 2781 1921 2867 prodeunt,
1986 2781 2119 2865 ejus
2166 2781 2597 2866 cognitionem
2645 2786 2714 2843 et

392 2882 752 2947 doctrinam
784 2907 912 2947 non
944 2885 1280 2961 excedunt,
1326 2887 1527 2972 ipsius
1560 2892 1871 2973 tempora,
1925 2909 2154 2962 morea,
2200 2885 2489 2950 homines
2521 2885 2712 2948 attin-

390 2992 557 3075 gunt
588 3009 793 3072 neque
825 2996 1071 3053 mentes
1101 2983 1167 3054 in
1198 2992 1491 3078 regiones
1522 2993 1779 3079 ignotas
1810 2992 2064 3057 avolare
2096 2995 2357 3078 cogunt,
2390 2989 2710 3076 voluptati

390 3101 457 3159 et
501 3095 712 3159 sensui
760 3093 964 3180 plebis
1013 3097 1285 3176 maxime
1331 3098 1618 3162 arridere
1660 3103 1725 3163 et
1770 3093 2150 3164 satisfacere.
2228 3096 2342 3162 Ex'
2380 3119 2507 3181 quo
2553 3097 2710 3160 satis

393 3200 799 3287 perspicitur,
846 3224 974 3265 non
1020 3224 1341 3268 summum
1389 3201 1801 3290 perfectionis
1846 3205 2120 3289 gradum
2168 3202 2536 3267 comoediae
2582 3199 2710 3288 pal-

387 3301 579 3370 liatae
625 3311 873 3391 poetaS,
937 3328 1098 3391 quos
1153 3307 1363 3374 adhuc
1421 3309 1736 3385 diximm,
1786 3314 2113 3374 assecutos
2160 3331 2333 3384 esse,
2382 3308 2495 3373 sed
2541 3330 2706 3388 sum7

393 3434 561 3475 mam
593 3410 845 3480 laudem
880 3413 956 3477 iis
989 3415 1345 3490 convenire,
1394 3415 1504 3497 qui
1537 3416 1669 3479 sive
1702 3438 1930 3480 unam
1980 3416 2111 3480 sive
2143 3407 2414 3501 plures
2460 3413 2702 3479 comoe-

390 3517 527 3581 dias
576 3514 972 3584 Graecorum
1023 3520 1368 3594 imitantes,
1417 3544 1584 3605 quae
1631 3522 1920 3607 personis
1953 3519 2292 3607 agentibus
2324 3520 2388 3584 in
2421 3519 2610 3583 scena
2640 3523 2707 3584 et

387 3619 545 3688 locis
591 3628 660 3688 et
703 3625 1124 3711 temporibuS,
1172 3625 1406 3711 quibus
1452 3632 1755 3713 aguntur,
1804 3632 1963 3714 apta
2008 3631 2179 3702 sunt,
2225 3628 2318 3690 ita
2358 3648 2709 3690 accommo-

388 3728 546 3793 dant
593 3732 659 3793 et
704 3729 994 3794 inserunt
1039 3733 1169 3796 suis
1202 3731 1458 3808 fabalia,
1511 3737 1583 3796 ut
1614 3735 2014 3819 spectatores
2049 3733 2141 3797 vel
2178 3733 2389 3818 spatio
2421 3731 2517 3796 vel
2551 3736 2707 3796 tem-

388 3856 547 3920 pore
592 3834 692 3899 vel
739 3836 1096 3901 eruditione
1141 3838 1554 3923 moribusque
1598 3863 1636 3902 a
1681 3860 1749 3903 se
1779 3839 1982 3920 aliena
2026 3821 2391 3925 conspicere
2421 3859 2549 3902 non
2579 3859 2707 3903 cres

387 3940 565 4016 dant,
613 3963 813 4025 quum
840 3964 917 4006 ea
965 3943 1239 4008 maxime
1285 3946 1537 4031 placere
1581 3945 1846 4020 soleant,
1892 3968 2074 4029 quae·
2095 3946 2705 4032 ipsorum.spectan-

387 4045 547 4108 tium
606 4047 865 4133 ingenio
911 4048 1381 4114 conditionibus
1441 4053 1526 4115 et·
1552 4052 1748 4117 rebus
1771 4050 2064 4138 -publicis
2089 4099 2094 4106 .
2118 4049 2517 4136 privatisque
2560 4072 2702 4115 con-

386 4152 672 4231 veniunt,
717 4154 811 4218 itu
856 4155 1133 4238 quidem,
1190 4162 1265 4220 ut
1310 4162 1573 4242 poetam
1615 4156 1804 4224 alieni
1860 4156 2088 4243 populi
2128 4155 2703 4224 fabulamlim'itan-

384 4256 534 4319 dam
583 4259 931 4343 sumpsisse
974 4266 1041 4324 et
1088 4259 1502 4326 elaboratam.
1528 4262 1840 4348 praebere
1880 4261 2414 4339 oculis,.svix=2sit,
2447 4261 2558 4347 qui
2601 4283 2702 4326 su-
