2946 4761
1280 1063 1634 1115 PARS
1693 1063 1809 1115 Π.

945 1246 1005 1311 1.
1115 1240 1609 1311 Caecilius
1678 1235 2142 1309 Statius.¹

383 1435 499 1549 De
531 1477 814 1543 Caecilio
847 1477 1064 1543 Statio
1109 1478 1444 1564 complura
1488 1483 1781 1543 veterum
1829 1477 2197 1545 testimonia
2240 1475 2422 1540 nobis
2452 1478 2710 1541 servat-a

387 1588 553 1651 sunt.
622 1582 955 1649 Cicero
1003 1583 1100 1648 bis
1145 1584 1409 1651 Caecilii
1457 1584 1846 1649 mentionem
1894 1583 2086 1647 facitz

480 1690 545 1778 1)
591 1691 672 1754 de
702 1693 837 1775 opt.
869 1713 1017 1775 gen.
1053 1716 1146 1755 or.
1180 1698 1232 1767 Ι,
1270 1699 1306 1755 2
1339 1691 1591 1754 dicens:

649 1794 1017 1872 „Caecilius
1044 1796 1325 1862 fortasse
1355 1819 1646 1859 summus
1679 1796 2003 1860 comicus“
2009 1795 2159 1868 ‚cui
2195 1791 2524 1858 Ciceronis
2545 1763 2711 1877 judi-

691 1903 789 1967 cio
822 1902 1211 1966 simillimum
1247 1908 1345 1967 est
1378 1901 1605 1985 Velleji
1639 1901 1965 1966 Paterculi
1997 1841 2083 1967 Η.
2117 1900 2193 1964 R.
2227 1906 2277 1975 Ι,
2318 1908 2418 1975 17,
2458 1908 2511 1967 1.

477 2010 543 2092 2)
590 2008 673 2071 ad
703 2012 848 2072 Att.
883 2013 1022 2081 vn,
1062 2016 1122 2082 3,
1163 2016 1277 2072 10:

650 2113 1093 2201 ‚,(CaeciliuS‚)
1122 2153 1211 2161 —-
1242 2114 1447 2178 malus
1494 2114 1660 2178 enim
1706 2113 2047 2179 latinitatis
2093 2115 2318 2175 auctor
2362 2113 2528 2175 est.“

387 2220 794 2284 Varronis
841 2220 971 2284 duo
1017 2225 1242 2283 extant
1290 2221 1691 2283 testimonia:

480 2324 546 2411 1)
593 2326 766 2413 apud
802 2322 1168 2391 Charisium
1204 2348 1268 2411 p.
1305 2333 1429 2391 215
1463 2326 1560 2392 ed.
1596 2324 1899 2391 Putsch.:
1933 2323 2109 2406 „v’jffly
2146 2328 2242 2404 ‚ut
2274 2323 2367 2388 ait
2396 2327 2603 2387 Varro
2635 2321 2715 2386 de

695 2432 897 2496 latino
944 2455 1238 2497 sermone
1284 2432 1365 2518 (c,
1400 2437 1488 2512 5.)
1533 2431 1688 2496 nulli
1736 2432 1838 2495 alii
1872 2453 2129 2495 servare
2160 2430 2476 2504 convenit,
2521 2452 2713 2512 quam

696 2538 962 2614 Titinio,
1002 2538 1330 2613 Terentio,
1364 2540 1602 2613 Attae3
1650 2538 1827 2619 πάθη
1862 2559 2014 2601 vero
2046 2536 2301 2601 Trabea
2347 2541 2412 2600 et
2441 2534 2714 2600 Attilius

697 2650 763 2708 et
811 2642 1128 2709 Caecilius
1173 2644 1359 2710 facile
1407 2644 1836 2708 moverint.“‘2

480 2753 546 2822 2)
595 2749 768 2832 apud
813 2749 1099 2814 Nonium
1144 2775 1208 2835 p.
1244 2759 1402 2815 374:

656 2854 778 2928 „In
810 2858 1208 2939 argumentis
1239 2858 1452 2941 poscit
1487 2856 1763 2942 palmam
1800 2854 2122 2927 Statius“,
2175 2854 2276 2917 cui
2313 2852 2712 2918 simillimum

701 2958 959 3024 Volcati
1007 2959 1304 3046 Sedigiti.

390 3064 803 3129 Horatius
850 3087 946 3151 ep.
982 3070 1066 3141 11,
1107 3075 1162 3140 1,
1199 3073 1319 3132 59:

1664 3155 1969 3229 „Dicitur

700 3259 973 3324 Vincere
1021 3258 1343 3326 Caecilius
1388 3262 1730 3345 gravitate,
1777 3262 2119 3325 Terentius
2166 3266 2368 3326 arte.“

395 3361 746 3442 Quintil.
794 3367 954 3431 Inst.
988 3371 1151 3430 orat.
1183 3366 1276 3440 X,
1319 3375 1373 3441 1,
1412 3374 1532 3430 99:

656 3469 1053 3545 „Caecilium
1090 3477 1336 3536 veteres
1377 3472 1677 3536 laudibus
1723 3471 1997 3539 ferant.“

573 3573 902 3642 Ciceronis
935 3576 1013 3640 de
1045 3582 1178 3662 opt.
1212 3601 1356 3663 gen.
1392 3579 1513 3658 dic.
1550 3584 1600 3652 Ι,
1639 3587 1674 3641 2
1709 3583 1776 3641 et
1807 3578 2034 3662 Velleji
2066 3578 2393 3642 Paterculi
2426 3581 2494 3641 et
2520 3575 2718 3656 Quin-

394 3679 599 3746 tiliani
635 3681 949 3764 judicium
996 3684 1061 3745 in
1094 3683 1459 3747 universum
1498 3685 1577 3748 de
1611 3683 1893 3749 Caecilio
1926 3685 2064 3770 agit
2097 3688 2291 3767 atque
2321 3683 2477 3745 nihil
2523 3682 2716 3758 aliud,

540 3900 577 3956 1)
620 3899 689 3945 De
726 3896 947 3947 Caecilio
988 3897 1153 3947 Statio
1192 3898 1254 3947 cs.
1280 3899 1321 3947 Ι.
1351 3900 1561 3947 Becker:

637 3988 748 4046 „Zu
784 3985 1034 4034 Caecilius
1072 3985 1303 4034 Statius“
1338 3986 1392 4035 in
1429 3986 1706 4052 Philologo
1743 3988 1831 4036 IV.
1855 3989 2023 4052 Iahrg.
2053 3984 2204 4047 1849,
2231 4005 2280 4051 p.
2309 3983 2389 4034 78.

535 4075 576 4134 ⁹)
613 4073 858 4123 Bitschel.
894 4075 1096 4138 Parerg.
1120 4074 1291 4123 plaut,
1315 4075 1513 4124 Terent.
1553 4093 1600 4139 p.
1641 4071 1742 4124 194
1780 4075 2043 4140 legendum
2085 4080 2253 4139 putat:
2306 4073 2633 4134 ‚,moverant“
2670 4077 2720 4120 et

391 4161 543 4209 hosce
587 4167 762 4225 poetas
809 4165 972 4209 aetate
1021 4167 1335 4211 enumeratos
1386 4162 1499 4210 vult
1546 4179 1655 4210 cum
1696 4163 2007 4211 Neukirchio
2046 4161 2105 4210 de
2144 4162 2242 4211 fab.
2291 4167 2397 4226 tog.
2436 4178 2484 4225 p.
2521 4156 2626 4210 ‘215
2662 4167 2720 4208 ut

392 4248 721 4312 posteriores:
761 4250 968 4309 Trabea,
1006 4249 1215 4309 Atilius,
1255 4249 1508 4299 Caecilius
1547 4251 1652 4298 sint
1685 4251 1899 4312 majores
1937 4258 2074 4298 natu.
