2946 4761
1393 252 1477 309 22

265 431 361 494 las
405 431 796 518 confregerit
844 437 913 500 et
957 435 1258 523 hospitae
1300 436 1600 521 injuriam
1663 435 1918 512 fecerit,
1966 437 2212 501 fatetur
2270 459 2346 511 se,
2392 437 2589 503 fuisse

265 540 627 609 excordem,
674 562 956 614 caecum,
1004 543 1481 629 incogitabilem
1514 542 1602 630 (v.
1638 541 1836 631 543),
1864 547 1934 607 et
1966 543 2314 607 maximum
2350 541 2587 609 malum

270 644 576 707 meruisse
618 643 706 730 (v.
738 653 890 722 547,
925 654 1073 722 561,
1110 648 1288 737 567).

444 748 630 828 Quae
676 753 891 815 omnia
937 758 1003 817 et
1034 754 1243 840 lepide
1284 755 1590 819 instituta
1618 758 1685 818 et
1730 755 1970 819 comice
2009 758 2276 840 peracta
2319 757 2587 837 quanto,

264 875 417 939 pere
477 855 832 941 placuerint
886 859 1085 924 oculis
1138 861 1530 944 auribusque
1574 865 2051 946 spectat-orum,
2098 842 2339 942 q'uanta
2384 864 2587 925 atten-

266 960 439 1024 tione
501 962 694 1026 animi
753 968 818 1027 et
879 968 1312 1033 commotione
1372 967 1716 1033 affectuum
1775 971 2151 1049 quantoque
2195 965 2331 1028 risu
2372 970 2438 1029 et
2481 988 2587 1051 ap-

264 1066 494 1151 plausu
555 1074 825 1156 excepta
879 1072 1040 1146 sint,
1097 1073 1207 1136 vix
1255 1074 1464 1147 dicere
1512 1072 1756 1159 possis,
1815 1071 2370 1155 nequedubium,
2411 1072 2586 1154 ⁴quin

266 1174 480 1235 omnia
522 1175 615 1239 ita
659 1175 788 1239 sint
834 1175 1033 1241 electa
1081 1182 1148 1241 et
1190 1179 1541 1264 descripta.
1598 1181 1674 1241 ut
1718 1176 1897 1240 rudis
1942 1177 2383 1241 Romanorum
2431 1177 2586 1242 mul-

265 1279 481 1341 titudo
528 1280 736 1345 ridere
780 1283 1168 1366 atque-inde
1214 1283 1614 1368 voluptatem
1663 1303 1891 1368 capere
1936 1287 2177 1367 posset.

442 1381 696 1462 Quibus
758 1389 1039 1473 peractis
1092 1388 1225 1474 jam
1281 1390 1613 1454 consilium
1661 1388 1937 1452 habetur
1982 1388 2062 1451 de
2107 1387 2583 1452 Philocomasio

263 1487 792 1574 Periplecomeno
837 1494 1239 1579 surripienda
1299 1496 1568 1580 ipsoque
1615 1493 1938 1580 puniendo
1985 1497 2131 1560 Act
2166 1498 2285 1568 III,
2335 1503 2391 1566 1,
2434 1500 2581 1568 765,

264 1597 463 1677 atque
502 1600 878 1681 praesertim
926 1598 1008 1664 ab
1056 1623 1133 1664 eo
1179 1598 1326 1666 inde
1354 1606 1686 1686 tempore,
1736 1622 1864 1684 quo
1911 1600 2173 1663 insidias
2221 1599 2404 1664 militi
2451 1599 2579 1685 glo-

261 1700 436 1764 rioso
485 1704 697 1787 parari
745 1706 1224 1790 cognoscimus,
1283 1728 1535 1771 summa
1596 1706 1957 1771 attentione
2018 1704 2581 1770 animiactionem

264 1809 716 1891 prosequimur
747 1812 1525 1895 gaudentestemeritate,
1574 1834 1701 1895 qua
1738 1811 2253 1897 ‚,nepos.Mar.tis
2284 1817 2350 1876 et
2381 1811 2581 1877 Vene-

264 1912 395 1974 ris“
442 1912 674 2002 (1265)
720 1915 1041 2000 periculis·
1078 1921 1142 1981 et
1203 1939 1446 2002 poenae
1508 1916 1761 1982 obviam
1811 1923 1932 1982 eat.
2012 1916 2371 2000 Postquam
2420 1940 2508 1982 sc.
2546 1925 2582 1981 2

265 2016 637 2083 Sceledrum
685 2020 998 2087 ebrietate
1045 2023 1425 2109 impeditum
1466 2046 1626 2097 esse,
1674 2046 1753 2088 ne
1784 2022 2326 2088 Philocomasium
2376 2028 2584 2091 custo-

263 2123 436 2197 diat,
483 2128 946 2211 comperimus,
995 2151 1079 2193 sc.
1117 2138 1154 2194 3
1203 2129 1722 2195 Acroteleutium
1769 2129 2095 2212 quomodo
2139 2151 2207 2192 se
2256 2128 2582 2197 mulierem

260 2229 769 2316 Periplectomeni
830 2239 897 2296 et
939 2257 1158 2300 amore
1216 2241 1476 2320 captam
1536 2257 1675 2299 esse
1720 2233 2239 2321 Pyrgopolinicis
2304 2233 2581 2308 simulet,

261 2334 466 2401 facete
511 2337 874 2403 instruitur.
955 2339 1277 2410 Omnibus
1327 2341 1445 2407 boc
1494 2341 1684 2407 modo
1721 2342 2009 2428 provisis
2039 2339 2400 2407 Palaestrio
2431 2341 2581 2406 Act.

261 2448 368 2518 IV,
403 2452 436 2507 1
482 2444 745 2509 domino
788 2446 902 2510 dat
947 2448 1273 2521 annulum,
1322 2470 1510 2531 quem
1545 2445 1923 2511 arrabonem
1970 2446 2208 2511 amoris
2253 2445 2334 2510 ab
2381 2468 2583 2511 uxore

262 2550 769 2635 Periplecomeni
815 2552 936 2640 ipsi
985 2552 1368 2617 tradendum
1417 2574 1486 2616 se
1533 2552 1855 2637 accepisse
1898 2551 2194 2628 simulat3
2258 2552 2368 2635 qui
2403 2552 2582 2618 miles

263 2660 509 2730 temere
569 2661 635 2720 et
695 2658 895 2722 stulte
951 2660 1173 2721 statim
1239 2658 1594 2743 gloriatur,
1658 2657 1832 2741 quod
1895 2656 2131 2720 milites
2186 2657 2271 2720 ad
2331 2654 2582 2722 Seleuci

262 2783 531 2847 regnum
603 2763 913 2828 tuendum
984 2766 1203 2828 mittat
1269 2763 1610 2848 simulque·
1650 2784 1868 2828 amore
1934 2761 2371 2828 inflammatus
2438 2784 2584 2828 cum

262 2865 734 2944 Palaestrione,
798 2869 905 2952 qui
969 2892 1113 2934 eum
1162 2874 1412 2945 monet,
1472 2874 1550 2934 ut
1603 2890 1782 2934 suam
1833 2867 2049 2953 potius
2096 2889 2286 2952 quam
2336 2867 2586 2934 Seleuci

262 2994 399 3044 rem,
442 2978 645 3048 curet,
693 2974 965 3049 volutat,
1015 2976 1341 3059 quomodo
1386 2975 1677 3039 dimittat
1709 2973 2277 3048 Philocomasium,
2324 2974 2585 3057 ejusque

263 3102 448 3144 amor
490 3080 750 3144 insanus
788 3082 1012 3164 jocose
1042 3086 1320 3166 augetur
1365 3102 1479 3165 per
1518 3079 2020 3166 Milphidippam
2052 3102 2324 3144 servam.
2400 3077 2585 3142 Post,

263 3206 455 3268 quam
517 3186 600 3252 ad
635 3187 1000 3254 ·consilium
1072 3185 1576 3271 perpetrandum
1646 3207 1733 3250 sc.
1776 3193 1820 3250 4
1887 3184 2263 3257 Pleusicles,
2308 3201 2584 3268 sponsus

262 3290 714 3356 Philocomasii
759 3290 981 3356 habitu
1026 3292 1381 3367 naucleris,
1437 3297 1513 3356 ut
1556 3296 1852 3378 tempore
1899 3291 2058 3356 dato
2104 3288 2312 3352 verbis
2361 3288 2584 3352 matris

261 3397 326 3464 in
359 3419 524 3466 nave
555 3397 993 3483 exspectantis
1023 3398 1564 3463 Philocomasium
1609 3400 1914 3472 arcessat,
1961 3400 2232 3459 ornatus
2262 3399 2378 3468 est,
2421 3416 2506 3462 sc.
2531 3400 2583 3458 -5

263 3503 794 3589 Pyrgopolinices
840 3526 1095 3570 summo
1139 3504 1379 3588 gaudio
1433 3503 1702 3568 affectus
1748 3507 2000 3577 narrat,
2047 3500 2184 3565 sibi·
2216 3501 2583 3585 contigisse,

261 3615 340 3680 ut
383 3609 973 3683 Philocomasiums
998 3632 1035 3672 a
1067 3610 1520 3694 quamaxime
1561 3625 1642 3674 se·
1676 3608 1878 3672 amari
1918 3603 2586 3693 somniass.(v..1202)

262 3714 347 3779 ad
408 3713 545 3778 iter·
588 3715 655 3780 in
704 3716 981 3801 patriam
1041 3716 1517 3802 suscipiendum
1576 3714 2033 3788 commoverit,
2071 3719 2284 3795 -atque
2330 3716 2586 3798 praeter

265 3819 470 3884 multa
526 3821 697 3888 (lona
757 3822 1268 3888 Palaestrionem
1333 3822 1545 3906 ipsum
1609 3822 1667 3884 ei
1713 3843 1796 3885 *se
1856 3820 2162 3899 donasse,
2233 3818 2342 3903 qui
2402 3815 2585 3901 quasi

262 3927 531 3991 tristitia
575 3928 906 4013 perculsus
944 3929 1309 3992 exclamat:
1356 3925 1442 4014 (v.
1486 3926 1682 4013 12o6)
1759 3965 1764 3971 ·

531 4033 796 4109 „Etiam
847 4036 989 4098 me?
1050 4057 1180 4117 quo
1229 4034 1420 4098 niodo
1468 4056 1590 4118 ego
1636 4032 1843 4096 vivam
1892 4033 2028 4100 sine
2072 4032 2239 4095 ts?⁶‘
2307 4068 2311 4072 -

443 4136 547 4202 Sc.
583 4146 620 4202 6
670 4140 1293 4206 Acroteleutium·in
1336 4161 1594 4204 scenam
1657 4139 1956 4225 prodiens
2002 4136 2295 4209 simulat,
2345 4158 2416 4199 se,
2459 4142 2585 4198 non

265 4243 773 4310 animadvertere
800 4246 894 4309 in·
927 4245 1226 4331 proximo
1272 4252 1638 4310 versantem
1670 4243 2254 4332 Pyrgopolinicem,
2303 4263 2586 4310 amorem
