2946 4761
456 406 759 480 dicteriis‚
793 403 1329 480 cavillationibus,
1373 425 1667 467 sermone
1696 404 2080 477 incitantium,
2113 403 2306 468 rebus
2337 403 2498 467 mire
2530 420 2787 486 suspen·

459 513 577 586 sis,
637 510 928 574 hilariter
973 509 1203 574 solutis
1249 510 1449 572 risum
1500 508 1835 573 excutiant
1880 507 2388 595 spectatoribu8‚
2444 507 2788 577 hilaritatis

460 615 807 704 gaudiique
853 614 1221 690 affectibuS,
1287 613 1521 697 quibus
1569 615 1795 678 rudem
1842 615 2136 699 inprimis
2183 612 2431 700 plebem
2482 612 2789 677 delectari

460 727 527 785 et
591 743 762 784 nunc
822 720 1303 806 cognoscimus,
1367 720 1648 784 auritam
1717 742 1974 785 caveam
2034 723 2314 783 teneant.
2406 717 2513 783 Ex
2572 718 2792 790 indole

459 827 828 911 hujusmodi
875 824 1242 889 fabularum
1289 833 1357 888 et
1397 824 1523 889 fine
1569 826 2011 908 consequitur,
2058 847 2360 910 magnam
2406 824 2676 889 actionis
2720 827 2788 888 et

406 938 411 943 ’
460 933 770 996 sermonis
816 932 1212 995 celeritatem
1259 935 1325 993 et
1368 930 1834 1005 vehementiam
1883 931 2203 1014 quandam
2259 931 2321 994 in
2368 930 2442 992 iis
2489 929 2787 994 adhiben-

461 1039 609 1101 dam
654 1038 871 1111 fuisse,
921 1043 993 1102 ut
1041 1059 1391 1119 numquam
1437 1036 1914 1121 spectatoribus
1961 1036 2241 1100 animum
2292 1036 2635 1099 demittere
2679 1035 2786 1097 da-

461 1149 668 1216 retur-‘3
732 1164 931 1227 quare
991 1143 1152 1207 tales
1212 1143 1584 1206 comoediae
1646 1164 1684 1204 a
1737 1143 2045 1206 Romanis
2107 1141 2518 1206 motoriae
2577 1141 2787 1204 dictae

462 1255 626 1314 sunt.
710 1246 814 1312 Cf.
847 1247 1128 1312 Evanth.
1177 1247 1256 1311 de
1299 1254 1497 1332 trag.;
1531 1248 1777 1311 Donat.
1812 1249 1893 1310 ad
1917 1248 2174 1313 Terent.
2204 1247 2481 1332 Adelph.
2515 1247 2676 1331 prol.
2707 1252 2786 1322 63

461 1354 541 1418 de
567 1355 870 1418 motoria:
904 1354 1150 1418 Donat.
1185 1353 1270 1416 ad
1293 1353 1561 1417 Phorm.
1588 1355 1791 1417 Andr.
1818 1353 2021 1428 Eun.;
2053 1354 2135 1417 de
2158 1354 2428 1418 stataria
2451 1351 2785 1438 Eugraph.

465 1459 547 1522 ad
577 1458 813 1526 Heaut.
849 1460 1013 1544 prol.
1051 1466 1156 1524 36.
1235 1459 1487 1523 Latinis
1545 1465 1760 1525 autem
1817 1460 2025 1544 poetis
2073 1480 2199 1541 qua
2246 1459 2325 1523 de
2371 1479 2580 1528 causa,
2611 1478 2787 1542 prae-

466 1564 651 1650 cipue
684 1574 813 1638 τοῖς
845 1563 1114 1627 πάθεσιν
1146 1566 1626 1628 commovendis
1656 1564 1755 1628 vel
1789 1565 2058 1629 motioni
2090 1586 2391 1628 sensuum
2433 1570 2499 1627 et
2529 1563 2786 1629 affectu-

465 1692 572 1732 um
620 1668 1010 1733 studendum
1058 1670 1272 1745 fuerit,
1311 1671 1473 1754 jam.
1499 1671 1718 1756 paucis
1763 1670 2201 1734 ostendamus.

1552 1849 1607 1929 ς.
1657 1853 1722 1941 5.-

643 1967 880 2033 Graeci
945 1968 1235 2035 summis
1274 1970 1510 2054 ingenii
1572 1969 1837 2033 dotibus
1898 1970 2200 2034 instructi
2261 1974 2435 2033 artes
2477 1969 2786 2054 ingenuas

465 2075 741 2138 maxime
787 2072 1102 2150 colebant,
1149 2075 1428 2140 Romani
1473 2098 1628 2139 vero
1662 2079 1933 2161 propter
1980 2098 2229 2138 morum
2265 2076 2652 2160 gravitatem
2699 2074 2787 2136 in-

461 2181 759 2265 geniique
804 2179 963 2244 illud
1009 2203 1234 2265 gemm,
1283 2204 1412 2264 quo
1450 2203 1625 2264 ‚quae
1669 2181 1971 2244 afferrent
2016 2180 2365 2244 utilitatem
2410 2179 2787 2265 plerumque

459 2286 910 2371 respiciebant,
958 2287 1490 2350 consuetudinem
1525 2287 1864 2350 Musarum
1898 2287 2008 2350 diu
2041 2286 2351 2350 vitabant.
2397 2284 2563 2349 Nam
2599 2306 2786 2368 quae-

461 2399 695 2464 rentes,
744 2393 921 2475 quod
964 2395 1254 2479 prodest,
1314 2415 1535 2458 omnes
1581 2397 1755 2457 artes
1800 2392 2232 2480 negligebant,
2281 2414 2361 2456 ex
2405 2390 2639 2475 quibus
2682 2412 2783 2454 ne-

463 2521 587 2581 que
632 2498 754 2562 sibi
788 2521 994 2582 neque
1041 2500 1130 2563 rei
1166 2499 1459 2585 publicae
1504 2499 2011 2563 emolumentum
2045 2499 2184 2563 fore
2216 2498 2581 2583 sperabant.
2634 2494 2784 2560 Non

464 2604 664 2687 igitur
712 2606 968 2680 mirum,
1018 2606 1191 2688 qnod
1237 2605 1571 2670 deficiente
1604 2604 1881 2690 benigna
1925 2607 2085 2668 artis
2118 2605 2401 2668 scenicae
2444 2626 2607 2667 vena
2650 2609 2782 2665 tam

467 2731 611 2771 sero
655 2710 825 2773 inter
875 2712 1200 2774 Romanos
1247 2711 1437 2795 hujus
1499 2713 1749 2796 generis
1814 2717 2039 2796 poetas
2100 2712 2425 2775 exstitisse
2470 2709 2783 2774 videmus

465 2812 693 2897 Neque
738 2837 887 2880 vero
934 2821 1035 2879 est
1081 2818 1530 2893 omittendum,
1592 2818 1777 2881 initia
1821 2817 2119 2881 ludorum
2169 2818 2561 2880 scenicorum
2610 2813 2785 2900 apud

463 2920 793 2983 Romanos
842 2922 1107 2984 inveniri
1156 2923 1498 3008 praecipue
1559 2924 1621 2988 in
1679 2924 1862 2986 festis
1908 2923 2357 3007 agricolarum,
2416 2944 2579 3005 quae
2640 2919 2785 2983 lusi-

465 3026 604 3101 buS,
667 3026 1057 3094 carminibus
1103 3030 1496 3112 canticisque
1540 3030 1812 3093 choricis
1858 3029 2179 3093 celebrata
2223 3034 2470 3092 veteres
2517 3027 2782 3112 scripto-

461 3153 564 3194 res
627 3133 882 3196 docent.
946 3133 1028 3197 cf.
1081 3134 1313 3201 Horat.
1369 3134 1587 3200 Carm.
1634 3141 1752 3211 III,
1804 3143 1919 3212 18;
1974 3143 2039 3199 et
2083 3135 2297 3201 Schol.
2350 3134 2567 3200 Carm.
2620 3155 2782 3199 saec.

465 3235 659 3302 Ovid.
709 3238 892 3302 Fast.
926 3245 1044 3315 III,
1095 3248 1257 3312 6573
1307 3241 1493 3327 Virg.
1532 3240 1860 3327 Georg.1‚
1911 3251 2037 3308 335
2084 3249 2151 3306 et
2183 3248 2329 3307 695.
2439 3238 2567 3304 Sed
2628 3239 2784 3303 haec

461 3343 645 3405 initia
695 3343 777 3433 ob
824 3345 1061 3430 ingenii
1109 3349 1460 3411 ruditatem
1495 3348 1785 3413 excolere
1817 3348 2233 3434 negligebant
2265 3352 2332 3411 et
2378 3347 2459 3410 ad
2495 3343 2783 3411 Graecos

461 3448 698 3532 potine,
740 3450 916 3514 ‚unde
961 3458 1342 3537 argumenta
1375 3452 1498 3516 sibi
1540 3462 1889 3530 sumerent,
1933 3477 2002 3518 se
2032 3451 2515 3527 convertebant,
2565 3473 2783 3535 quam·

460 3576 653 3637 quam
703 3553 1107 3622 Graecorum
1152 3581 1419 3644 operum
1481 3560 1789 3623 virtutes:
1849 3583 2101 3624 summa
2156 3559 2617 3625 sententiarum
2667 3556 2782 3620 ele-

460 3660 700 3743 gantia,
759 3683 1179 3746 personarum
1241 3664 1478 3749 ingenii
1541 3670 1607 3728 et
1656 3688 1907 3728 morum
1966 3664 2271 3730 mirabilis
2319 3664 2634 3748 quaedam
2680 3663 2783 3725 de-

458 3765 725 3851 scriptio
758 3789 798 3828 a
831 3768 1161 3844 RomaniS,
1210 3792 1406 3853 quum
1444 3771 1670 3855 procul
1705 3772 2002 3835 abessent
2035 3771 2114 3836 ab
2163 3770 2545 3836 eruditionis
2576 3769 2783 3855 gradu

461 3870 886 3947 Graecorum,
948 3897 1077 3937 non
1135 3898 1215 3938 ex
1277 3878 1451 3939 omni
1516 3880 1702 3962 parte
1763 3877 2032 3962 intelligi
2094 3883 2159 3942 et
2212 3878 2391 3960 justo
2453 3874 2782 3940 aestimari

457 3981 781 4060 poterant.

635 4081 787 4162 Quo
835 4107 916 4148 ex
978 4087 1342 4154 discrimine
1385 4089 1622 4173 ingenii
1687 4094 1754 4154 et
1814 4088 2193 4152 eruditionis
2252 4088 2651 4172 Graecorum
2716 4093 2786 4151 et

456 4187 893 4258 Romanorum
943 4190 1168 4267 elucet,
1233 4216 1361 4257 non
1407 4195 1574 4258 idem
1624 4195 1833 4279 poet-is
1879 4196 2215 4279 utriusque
2264 4195 2483 4281 populi
2529 4195 2593 4258 in
2639 4217 2782 4262 con-
