2946 4761
1314 271 1409 362 „19

212 460 524 530 ii-usserte,
588 455 803 521 solche
851 454 1105 520 Stellen'
1138 456 1582 542 sogar'durch
1627 458 1731 520 die
1777 455 2225 542 Schauspieler
2279 456 2542 520 wieder-

214 562 402 626 holen
464 563 675 626 liess.⁴‘
739 562 846 642 (cf.
883 561 1020 627 Cic.
1057 564 1136 626 de
1169 563 1275 626 off.
1309 568 1359 637 I,
1399 570 1516 638 283
1563 562 1738 628 Lael.
1779 571 1851 637 73
1901 562 1980 625 de
2010 563 2116 626 fin.
2155 568 2364 637 5‚-22;
2408 585 2536 647 pro

217 666 394 731 Sext.
432 675 535 743 56,
573 675 676 742 57,
713 675 814 740 55,
855 667 1029 754 ns.)

396 771 525 838 Sed
562 774 697 856 jam
746 774 1061 857 reliquum
1110 778 1229 846 est,
1291 773 1368 837 ut
1423 773 1612 836 aliam
1668 774 2106 856 quaestionem
2169 778 2534 858 tangamus.

217 901 367 941 num
401 878 741 943 Volcatius
790 878 1121 964 Sedigitas
1165 901 1407 963 revera?
1434 901 1626 942 unam
1662 884 1914 941 tantum
1948 878 2263 942 rationem
2298 883 2365 942 et
2397 902 2538 943 nor-

219 1005 387 1046 mam
436 985 499 1047 in
533 986 988 1048 constituendo
1033 1007 1273 1048 canone
1305 991 1564 1048 secutus
1599 986 1699 1052 sit..
1746 984 1966 1048 Possit
1997 983 2268 1047 forsitan
2306 984 2535 1068 aliquis

219 1090 548 1175 suspicari,
597 1091 773 1153 illum
821 1114 948 1154 non
996 1112 1186 1153 unam
1236 1089 1547 1174 regulam,
1607 1113 1687 1154 ex
1746 1112 1873 1172 qua
1922 1090 2263 1173 unicuique
2308 1094 2539 1175 poetae

220 1195 497 1277 pretium
547 1202 613 1259 et
658 1195 965 1259 honorem
1015 1197 1269 1269 statuit,
1320 1196 1439 1259 sibi
1487 1197 1920 1281 proposuisse,
1971 1196 2082 1258 sed
2115 1196 2417 1268 diversas,
2464 1200 2541 1257 ut

222 1300 434 1363 Varro
465 1323 565 1386 ap.
598 1300 880 1364 Nonium
918 1325 979 1384 p.
1017 1309 1163 1375 374,
1215 1303 1322 1385 qui
1355 1306 1627 1387 propter
1674 1306 2129 1386 argumentum
2167 1299 2538 1374 Caecilium,

218 1412 488 1492 propter
519 1428 875 1470 sermonem
902 1406 1231 1482 Plautum,
1264 1408 1638 1471 Terentium
1674 1413 1942 1493 propter
1965 1426 2383 1491 personarum
2411 1427 2540 1469 mo-

218 1535 363 1574 rum
398 1513 889 1598 descriptionem
925 1514 1134 1598 primo
1168 1513 1310 1577 loco
1343 1514 1597 1598 posuit3
1641 1514 1751 1585 ita,
1800 1518 1876 1575 ut
1908 1534 2035 1595 quo
2069 1513 2210 1594 quis
2243 1512 2542 1597 graviore

206 1617 476 1682 ¹fabulae
509 1624 693 1704 parte
739 1618 1096 1692 excelleret,
1145 1641 1220 1682 eo
1250 1616 1499 1702 'majore
1546 1639 1689 1681 eum
1724 1617 1994 1682 haberet
2026 1617 2266 1681 honore
2311 1622 2376 1681 et
2409 1638 2541 1681 om-

220 1746 351 1799 neS,
400 1725 506 1807 qui
563 1723 679 1787 hac
726 1731 914 1808 parte
962 1730 1177 1787 essent
1206 1724 1507 1810 insigneS‚
1560 1724 1782 1809 primis
1815 1724 2159 1787 collocaret
2190 1723 2383 1798 loeis3
2430 1722 2542 1815 qui

225 1853 376 1894 vero
424 1831 634 1893 minus
682 1830 863 1915 gravi
912 1831 1284 1904 eminerent,
1342 1828 1709 1893 inferiorem
1756 1830 1834 1891 iis
1881 1829 2263 1892 concederet
2307 1827 2542 1892 locum.

224 1936 413 2016 Quae
446 1938 498 1999 si
542 1937 636 1999 ita
667 1939 898 2010 essent,
937 1958 1063 2019 quo
1086 1936 1234 2019 jure
1264 1935 1630 2011 Terentius,
1669 1956 1937 2020 magnus
1968 1934 2073 1998 ille
2103 1939 2314 2019 poeta,
2350 1955 2544 2016 quem

225 2049 368 2106 tota
400 2043 752 2125 antiquitas
779 2042 1046 2104 summis
1079 2041 1263 2104 effert
1290 2041 1594 2119 ‚laudibus
1627 2040 1711 2104 ob
1747 2040 1982 2102 multas
2012 2040 2287 2103 virtutes
2313 2047 2379 2102 et
2404 2063 2547 2124 gra-

226 2150 535 2223 vissimas,
572 2145 680 2234 (de
712 2147 945 2230 quibus
976 2145 1232 2234 postea)
1265 2169 1411 2230 quO,
1447 2148 1609 2221 dico,
1635 2147 1783 2230 jure
1814 2146 2158 2209 Terentius
2189 2146 2252 2208 in
2286 2151 2544 2208 sextum

226 2260 478 2320 tantum
511 2252 863 2317 referretur
895 2253 1104 2316 locum
1132 2257 1327 2336 atque
1350 2253 1490 2315 aliis
1525 2252 1753 2338 poetis,
1790 2275 2063 2336 quorum
2091 2251 2245 2315 nihil
2268 2250 2404 2313 fere
2425 2250 2547 2313 nisi

225 2362 485 2426 nomina
516 2361 775 2445 cognita.
806 2357 1116 2423 habemus
1162 2362 1228 2422 et
1275 2382 1549 2443 quorum
1585 2360 1912 2423 rarissima
1945 2358 2120 2444 apud
2166 2362 2412 2421 veteres
2445 2360 2548 2420 est

225 2469 486 2541 menti0,
535 2465 1080 2552 posthaberetur?
1143 2464 1330 2543 Quae
1364 2465 1709 2528 difficultas
1743 2466 1865 2529 hoc
1900 2487 2026 2532 uno
2060 2468 2315 2527 tantum
2350 2462 2547 2527 modo

226 2573 379 2636 mihi
412 2572 669 2656 quidem
696 2572 957 2634 dissolvi
989 2593 1178 2657 posse
1203 2572 1478 2646 videtur,
1514 2576 1589 2633 ut
1616 2571 1983 2635 Volcatium
2011 2569 2374 2654 Sedigitum
2400 2590 2546 2654 poe-

224 2684 325 2742 tas
359 2702 579 2742 omnes
610 2691 691 2741 'ex
726 2700 855 2740 una
884 2683 1135 2740 tantum
1173 2676 1313 2761 lege
1343 2676 1539 2765 (quae
1572 2679 1627 2740 ei
1661 2669 1820 2740 satis
1846 2682 2000 2761 apta
2032 2681 2097 2738 et
2128 2676 2345 2761 gravis
2378 2674 2550 2738 vide-

224 2790 428 2865 retur)
465 2806 753 2847 mensum
780 2805 919 2846 esse
952 2789 1318 2846 statuamus
1350 2791 1547 2866 atque
1579 2783 1697 2847 hac
1729 2783 1980 2846 ratione
2010 2783 2087 2844 iis
2120 2771 2333 2845 locum
2366 2780 2548 2844 attri-

226 2892 459 2966 buisse,
508 2912 636 2973 quo
684 2890 953 2973 quisque
999 2889 1234 2975 dignus
1296 2890 1646 2953 videretur.
1739 2890 1930 2954 Hanc
1974 2888 2177 2973 igitur
2230 2887 2544 2949 rationem

225 3000 286 3062 in
334 2995 788 3061 constituendo
830 3016 1073 3058 canone
1120 2995 1511 3058 comicorum
1560 2995 1904 3058 latinorum
1955 3016 1992 3056 a
2039 2992 2339 3057 Volcatio
2369 2990 2548 3054 sedi*

224 3106 363 3190 gito
410 3103 763 3166 adhibitam
817 3123 955 3165 esse
1004 3106 1325 3185 putamuS,
1383 3105 1458 3163 ut
1505 3100 1576 3161 τὸ
1626 3098 1835 3173 πάθος
1877 3099 1973 3162 vel
2021 3097 2369 3162 commotio
2417 3116 2551 3159 sen-

226 3233 411 3273 suum
460 3213 524 3273 et
569 3208 918 3272 affectuum
953 3208 1038 3269 sit
1085 3207 1329 3291 regula,
1378 3228 1456 3269 ex
1504 3229 1631 3289 qua
1662 3208 1931 3289 quisque
1962 3203 2351 3267 comicorum
2387 3201 2549 3265 obti-

226 3309 377 3379 neat¹
404 3314 633 3379 locum.
685 3312 883 3391 Quod
917 3314 980 3375 in
1015 3312 1217 3376 altera
1249 3312 1705 3397 disputationis
1737 3316 1923 3397 parte
1955 3310 2080 3373 erit
2112 3310 2548 3373 demonstran-

225 3422 398 3487 dum.
473 3420 695 3497 Quare
740 3420 820 3482 de
855 3418 1121 3503 singulis
1154 3418 1413 3482 comicis
1461 3440 1625 3501 quae
1671 3420 1933 3481 exstant-
1978 3414 2549 3501 grammaticorum

227 3531 648 3609 veterumque
680 3525 1070 3610 scriptorum
1108 3525 1498 3598 testimonia,
1532 3523 1717 3587 nobis
1750 3527 1940 3586 erunt
1972 3520 2350 3605 colligenda,
2385 3522 2552 3583 inter

227 3655 293 3695 se
326 3631 780 3717 comparanda,
830 3630 1224 3716 explicanda,
1274 3652 1354 3693 ex
1401 3629 1633 3713 quibus
1667 3631 1747 3692 de
1780 3650 2000 3692 eorum
2038 3628 2247 3711 pretio
2272 3622 2548 3709 judicari

224 3738 451 3824 possit.
522 3736 827 3822 Singulos
874 3737 1075 3821 igitur
1121 3736 1295 3799 viros
1341 3757 1419 3799 ex
1453 3736 1677 3799 ordine
1708 3735 1968 3798 canonis
2002 3734 2062 3796 in
2102 3733 2411 3817 judicium
2448 3754 2551 3794 vo-

226 3843 511 3907 cabimus
555 3849 750 3926 atque
784 3839 1082 3927 primum,
1135 3862 1297 3925 quae
1332 3846 1580 3906 veteres
1611 3842 1692 3904 de
1721 3861 2110 3924 unoquoque
2142 3837 2548 3909 tradiderint,

226 3955 366 4013 tum
415 3971 579 4033 quae
611 3971 690 4012 ex
722 3947 958 4012 fabulis
990 3949 1090 4012 vel
1122 3948 1505 4034 fragmentis
1537 3945 1617 4033 (si
1649 3968 1814 4029 quae
1845 3944 2115 4033 adsunt)
2148 3945 2229 4007 ad
2261 3948 2549 4006 nostram

226 4056 610 4119 sententiam
656 4054 1206 4140 comprobandam
1254 4054 1392 4118 erui
1438 4053 1709 4139 possint,
1758 4073 2172 4138 exponemus
