2946 4761
1452 240 1599 329 ν16

385 428 679 497 comoed.
742 428 930 492 dicit:
992 425 1233 501 „Illud
1267 446 1420 489 vero
1472 425 1861 500 tenendum,
1913 425 2141 489 mimos
2191 425 2410 489 dictos
2478 445 2616 487 esse
2678 447 2715 486 a

384 533 1084 601 diuturnaimitatione
1117 554 1331 595 rerum
1365 535 1432 594 et
1478 531 1709 594 levium
1756 541 2246 616 personarum.“
2326 528 2431 593 Cf.
2467 529 2713 593 Donat.

387 642 624 727 firagm.
686 640 766 702 de
826 638 1114 702 comoed.
1174 637 1475 703 Diomed.
1523 641 1643 710 ΙΙΙ,
1686 644 1834 705 487.
1914 634 2023 702 Ob
2070 636 2495 699 imitationem
2546 635 2718 698 vitae

389 746 673 839 ,vulgaris
741 744 985 828 species
1054 743 1367 826 quaedam
1439 742 1841 817 comoediae,
1912 742 1995 807 ob
2063 741 2489 807 humilitatem
2562 762 2717 805 vero

390 850 757 938 argumenti
821 849 1052 911 mimus
1112 848 1375 911 inferior
1431 848 1765 912 comoedia
1824 847 2219 919 habebatur,
2293 852 2369 909 ut
2428 848 2715 919 mimum,

389 960 503 1042 qui
534 958 612 1021 in
661 970 859 1018 verae*
895 966 1131 1039 genera
1177 954 1388 1038 poesis
1418 953 1791 1029 referretur,
1839 954 2159 1019 Horatius
2199 954 2530 1038 indignum
2555 951 2720 1036 judi-

390 1067 587 1128 caret.
669 1061 860 1125 Satir.
896 1066 945 1133 Ι,
986 1067 1084 1131 10,
1121 1067 1176 1124 6.

574 1167 646 1247 Si
689 1167 894 1250 igitur
942 1163 1273 1250 Sedigitus
1323 1164 1677 1229 Caecilium
1738 1165 2151 1239 ,‚mimicum“
2207 1164 2531 1239 nominat,
2580 1185 2720 1247 pro-

397 1276 757 1361 prietatem,
787 1270 1173 1357 peculiarem
1223 1271 1277 1333 ei
1322 1271 1647 1334 vindicare
1693 1275 1890 1353 atque
1934 1270 2088 1335 nihil
2122 1269 2295 1334 aliud
2342 1269 2723 1334 confirmare

398 1380 573 1459 vult,
630 1378 752 1442 nisi
812 1377 989 1440 illum
1049 1377 1113 1441 in
1174 1377 1517 1440 comoediis
1575 1377 2051 1443 conscribendis
2107 1378 2373 1463 propius
2419 1375 2501 1438 ad
2550 1375 2723 1439 mimi

399 1490 695 1549 naturam
760 1489 826 1547 et
874 1482 1178 1547 humilem
1238 1488 1305 1546 et
1353 1482 1540 1545 vilem
1588 1483 1944 1549 accessisse.
2028 1480 2379 1547 Caecilium
2426 1484 2643 1544 autem
2685 1503 2728 1542 a

406 1591 602 1655 mimo
660 1612 786 1654 non
847 1588 1258 1653 abhorruisse
1303 1589 1674 1651 testimonio
1721 1586 2022 1654 GelliiN.
2057 1589 2135 1653 A.
2171 1592 2253 1662 II,
2288 1595 2391 1662 23,
2431 1596 2507 1665 11
2556 1586 2729 1650 hisce

405 1695 615 1760 verbis
681 1694 1006 1759 enucleate
1072 1694 1586 1757 demonstratur:
1657 1692 1971 1768 „Praeter
2038 1696 2438 1757 venustatem
2511 1698 2726 1757 autem

400 1824 619 1867 rerum
684 1806 880 1884 atque
943 1799 1325 1872 verborum,
1383 1800 1448 1863 in
1513 1798 1765 1862 duobus
1812 1798 1991 1863 libris
2038 1821 2438 1883 nequaquam
2487 1821 2727 1884 parem,

401 1909 466 1973 in
514 1906 635 1971 hoc
681 1907 977 1990 equidem
1026 1906 1198 1970 soleo
1246 1906 1530 1969 animum
1566 1905 1919 1980 attendere,
1970 1904 2144 1988 quod
2177 1928 2340 1989 quae
2372 1905 2730 1983 Menander

405 2012 733 2098 praeclare
770 2019 855 2077 ret
912 2011 1206 2097 apposite
1260 2016 1325 2074 et
1383 2010 1593 2075 facete
1638 2011 1930 2095 scripsit,
1994 2035 2069 2075 ea
2117 2010 2435 2076 Caecilius
2481 2034 2561 2079 ne
2605 2033 2731 2096 qua

404 2119 622 2204 potuit
686 2117 941 2200 quidem
1001 2122 1268 2183 conatus
1329 2121 1430 2180 est
1488 2139 1820 2191 enarrare,
1883 2117 1994 2182 sed
2057 2119 2241 2201 quasi
2289 2118 2546 2182 minime
2590 2139 2732 2202 pro-

407 2225 620 2289 banda
666 2223 1100 2308 praetermisit
1146 2226 1213 2285 et
1260 2222 1383 2285 alia
1426 2222 1641 2287 nescio
1701 2244 1865 2305 quae
1914 2223 2237 2287 mimica
2281 2222 2623 2291 inculcavit
2668 2228 2734 2286 et

403 2330 562 2394 illud
607 2327 953 2395 Menandri
999 2327 1080 2391 de
1125 2327 1260 2392 vita
1303 2328 1635 2394 hominum
1683 2333 2015 2414 sumptum
2073 2330 2348 2414 simplex
2393 2334 2461 2394 et
2507 2351 2728 2396 verum

402 2442 471 2501 et
516 2435 891 2501 delectabile
935 2436 1147 2499 nescio
1195 2457 1322 2518 quo
1369 2440 1562 2520 pacto
1610 2435 1891 2502 omisit.“
1968 2436 2071 2498 Ex
2117 2436 2290 2500 hisce
2334 2436 2401 2499 id
2449 2436 2730 2502 effecisse

408 2542 592 2606 nobis
638 2544 956 2616 videmur,
1025 2539 1383 2605 Caecilium
1430 2542 1513 2604 ad
1558 2542 2057 2607 commovendos
2117 2543 2365 2606 animos
2426 2547 2490 2608 et
2532 2544 2730 2614 risum

412 2650 865 2713 excutiendum
917 2647 1186 2711 mimicis
1248 2669 1503 2730 quoque
1562 2647 1759 2712 rebus
1817 2646 2069 2713 fabulas
2125 2671 2276 2712 suas
2320 2649 2731 2724 instruxisse3

415 2754 588 2833 quod
636 2776 761 2835 qua
807 2754 934 2816 alia
979 2754 1062 2817 de
1111 2776 1306 2817 causa
1350 2775 1494 2816 eum
1541 2753 1767 2819 fecisse
1798 2753 2207 2830 arbitremur,
2255 2755 2376 2818 nisi
2424 2759 2498 2819 ut
2542 2753 2731 2820 finem

384 2855 590 2919 illum
638 2855 815 2936 πάθη
864 2859 1306 2923 commovendi
1352 2861 1894 2942 consequeretur?

591 2960 781 3041 Quae
842 2968 1074 3026 natura
1135 2966 1346 3050 poesis
1403 2963 1666 3029 Caecilii
1721 2965 2137 3049 cognoscitur
2193 2989 2275 3030 ex
2332 2966 2732 3052 fragmentis,

303 3132 310 3139 ,
410 3069 476 3132 in
522 3072 838 3153 quantum
887 3091 965 3132 ex
997 3069 1073 3132 iis
1096 3070 1407 3153 judicium
1443 3071 1654 3138 efferri
1686 3075 1923 3156 potest.
1973 3070 2109 3158 (Cf.
2149 3071 2517 3157 fragmenta
2547 3074 2736 3138 comi-

411 3197 634 3239 corum
668 3173 769 3237 ed.
803 3174 1115 3239 Ribbeck.
1150 3198 1209 3259 p.
1248 3176 1559 3264 29-69)
1634 3176 1890 3244 Horum
1924 3178 2236 3263 inprimiS,
2280 3178 2455 3261 quod
2503 3201 2734 3246 memo-

413 3285 591 3344 retur
627 3280 918 3370 ‘dignum
978 3280 1262 3356 videtur,
1326 3282 1763 3367 fragmentum
1832 3292 1890 3350 1.
1937 3284 2115 3349 Ploc.
2163 3284 2205 3349 l.
2251 3307 2305 3349 c.
2355 3308 2417 3370 p.
2451 3292 2567 3361 49,
2628 3286 2736 3362 „in

416 3406 560 3466 qu0,
609 3392 683 3449 ut
728 3387 817 3449 ait
866 3385 1119 3451 Gellius
1147 3391 1233 3461 II,
1274 3396 1390 3462 23,
1449 3390 1721 3453 maritus
1747 3429 1754 3440 -·
1778 3411 1971 3455 senex
2028 3413 2223 3476 super
2273 3414 2478 3456 uxore
2539 3392 2737 3456 divite

415 3493 610 3572 atque
668 3490 941 3554 deformi
1003 3493 1418 3576 querebatur,
1479 3495 1652 3577 quod
1708 3495 1999 3560 ancillam
2062 3519 2277 3572 suam,
2330 3519 2458 3561 non
2503 3498 2736 3562 inscito

415 3594 690 3680 puellam
741 3598 1091 3662 ministerio
1138 3603 1204 3662 et
1234 3598 1399 3663 facie
1445 3600 1619 3663 haud
1651 3600 1984 3677 inliberali,
2031 3606 2291 3666 coactus
2332 3607 2470 3666 erat
2501 3625 2731 3667 venun·

415 3700 569 3764 dare
617 3707 978 3784 suspectam
1029 3705 1213 3768 uxori
1248 3707 1430 3788 quasi
1464 3706 1818 3793 pellicem.“
1893 3708 2202 3791 Ejusdem
2235 3707 2489 3773 fabulae
2518 3709 2737 3773 videas

413 3805 646 3891 fragm.
687 3813 743 3869 2.
777 3806 814 3872 l.
851 3830 904 3870 c.
938 3833 1000 3894 p.
1037 3817 1141 3884 53,
1191 3832 1318 3893 quo
1363 3812 1506 3876 loco
1554 3813 1824 3877 maritus
1885 3833 2078 3878 senex
2138 3837 2281 3879 cum
2338 3813 2544 3878 altero
2588 3838 2739 3880 sene

414 3911 785 3995 colloquens
848 3916 1066 3979 uxoris
1125 3917 1463 4003 locupletis
1520 3919 1887 4005 superbiam
1950 3921 2366 4006 deprecatur,
2435 3943 2598 4004 quos
2657 3922 2739 3985 ad

412 4037 635 4081 versus
698 4016 949 4084 Gellius
993 4027 1354 4118 11,123‚·13
1417 4024 1603 4087 dicit:
1668 4022 2033 4099 „Caecilius
2093 4049 2246 4091 vero
2305 4026 2426 4091 hoc
2485 4028 2550 4091 in
2596 4027 2738 4091 loco

414 4121 721 4187 ridiculus
784 4127 1024 4212 magiS,
1087 4151 1278 4212 quam
1340 4151 1654 4215 personae
1699 4132 1843 4212 isti,
1900 4154 2093 4216 quam
2139 4132 2497 4208 tractabat,
2547 4138 2738 4219 aptus

402 4231 611 4311 atque
654 4233 1035 4298 conveniens
1082 4235 1284 4299 videri
1335 4236 1627 4300 maluit.“
