2946 4761
1359 267 1439 322 12

162 525 172 534 ,
229 450 350 515 nisi
382 451 837 516 auctoritatem
870 456 937 517 et
967 451 1296 527 honorem,
1333 453 1566 537 quibus
1608 452 1946 518 fruebatur
1977 457 2190 539 poeta,
2238 455 2549 531 ostendit3

227 556 404 639 quod
450 579 648 640 quum
694 557 848 622 nihil
897 558 980 622 ad
1024 563 1315 623 nostram
1364 559 1749 624 sententiam
1784 558 2231 623 illustrandam
2278 558 2551 644 proban-

229 662 506 746 damque
559 663 869 738 conferat,
927 665 1229 728 omittere
1277 668 1343 728 et
1380 665 1518 749 jam
1553 664 1635 729 ad
1675 665 2037 731 Varronem
2072 666 2348 730 transire
2378 664 2548 729 licet.

230 768 362 847 Qui
408 768 937 854 diligentissimus
983 770 1393 854 antiquitatis
1423 771 1852 856 investigator
1899 771 2110 856 primo
2155 769 2298 835 loco
2333 769 2549 836 Caeci-

226 875 382 939 lium
415 873 498 939 ob
532 874 733 955 πάθη,
767 898 930 959 quae
962 897 1366 940 commovere
1389 878 1570 952 sciat,
1604 875 1900 941 laudibus
1933 876 2118 940 effert
2147 880 2214 940 et
2243 876 2549 941 Terentio

228 980 522 1067 opponit,
570 980 752 1063 cujus
797 979 929 1063 ἤθη
979 981 1217 1048 laudat.

402 1085 509 1148 Ex
555 1084 674 1160 his,
723 1107 888 1168 quae
933 1091 1121 1151 antea
1168 1087 1248 1151 de
1292 1087 1356 1151 vi
1398 1091 1594 1171 atque
1638 1092 1873 1151 natura
1914 1095 2037 1150 τῶν
2081 1087 2265 1169 ἠθῶν
2310 1092 2377 1152 et
2424 1094 2548 1151 τῶν

225 1195 455 1254 παθῶν
486 1191 978 1277 disputavimus,
1027 1193 1458 1276 consequitur,
1509 1192 1879 1266 Caecilium,
1922 1193 2024 1256 cui
2055 1193 2091 1257 l.
2126 1215 2178 1256 c.
2227 1193 2406 1274 πάθη
2454 1197 2549 1255 at-

222 1295 613 1371 tribuantur,
676 1297 966 1382 inprimis
1021 1296 1291 1362 valuisse
1340 1298 1568 1361 animis
1598 1303 2038 1383 spectatorum
2072 1298 2545 1363 commovendis

223 1403 705 1487 excitandisque
752 1402 1085 1468 affectibus
1126 1408 1324 1487 atque
1358 1426 1434 1467 ea
1466 1404 1611 1489 ipsa
1644 1427 1731 1478 re,
1767 1426 2158 1488 quamquam
2191 1405 2421 1469 ceteris
2451 1426 2542 1468 re-

222 1507 345 1573 bus
384 1507 650 1572 inferior
684 1512 854 1572 esset
902 1513 1003 1589 (ut
1047 1514 1274 1595 postea
1325 1508 1715 1596 videbimus)
1758 1509 2132 1573 Terentium
2181 1531 2540 1596 superasse,

222 1614 403 1698 cujus
447 1612 577 1696 ἤθη
625 1614 995 1689 laudantur,
1030 1616 1270 1701 quippe
1315 1615 1426 1698 qui
1468 1615 1533 1678 in
1580 1613 1910 1678 hominum
1936 1617 2207 1701 ingeniis
2233 1616 2541 1681 moribus-

221 1742 347 1803 que
385 1719 806 1806 depingendis
848 1720 1140 1805 inprimis
1176 1724 1489 1784 versetur.
1540 1720 1732 1785 Unde
1766 1721 1904 1805 jam
1948 1721 2133 1786 facile
2178 1722 2540 1796 concludas,

221 1823 298 1888 τὰ
347 1825 527 1907 πάθη
590 1825 762 1888 haud
808 1826 991 1911 parvi
1048 1825 1246 1889 fuisse
1308 1827 1622 1890 momenti
1676 1826 1740 1889 in
1803 1829 2253 1892 constituendo
2312 1833 2540 1892 nostro

220 1953 493 2006 canone:
540 1936 753 1994 cetera
799 1931 880 1993 de
913 1928 1196 1996 Caecilio
1231 1933 1607 1995 testimonia
1638 1934 1964 2016 quomodo
2010 1956 2155 1997 cum
2192 1933 2310 1998 hac
2355 1934 2541 1998 laude

223 2035 735 2111 reconcilientur,
787 2036 1141 2100 videamus.

397 2142 610 2205 Varro
671 2141 845 2228 apud
892 2139 1059 2206 Non.
1121 2149 1250 2206 374
1307 2141 1588 2207 Caecilio
1649 2143 1902 2208 laudem
1965 2146 2331 2231 argumenti
2393 2168 2547 2232 prae

214 2247 523 2312 Terentio
568 2252 633 2312 et
678 2248 916 2313 Plauto
964 2248 1251 2312 tribuens
1296 2248 1487 2312 dicit:

394 2354 515 2429 „ln
562 2354 959 2439 argumentis
1009 2354 1217 2440 poscit
1262 2353 1546 2439 palmam
1595 2353 1866 2431 Statius,
1935 2357 2001 2421 in
2047 2355 2270 2439 ἤθεσιν
2312 2357 2545 2422 Teren-

526 2461 679 2534 tius,
727 2462 791 2524 in
838 2460 1241 2525 sermonibus
1287 2458 1631 2524 PlautuS.“

215 2564 503 2629 Terentii
549 2565 774 2646 ἤθεσιν
819 2588 1016 2649 quum
1064 2565 1187 2631 hoc
1231 2565 1374 2630 loco
1421 2571 1824 2650 argumenta,
1875 2568 2074 2653 priori
2121 2567 2300 2651 πάθη
2349 2591 2543 2655 oppo-

217 2675 473 2744 nantur,
521 2676 908 2756 argumenta
954 2676 1020 2735 et
1066 2671 1243 2751 πάθη
1307 2672 1388 2735 de
1431 2693 1560 2736 uno
1608 2673 1961 2757 eodemque
2006 2674 2144 2737 viro
2192 2673 2272 2738 ab
2318 2674 2542 2739 eodem

216 2775 478 2839 laudata
526 2776 816 2840 Varrone
858 2778 1109 2840 diversa
1154 2778 1324 2841 inter
1383 2800 1451 2841 se
1497 2800 1637 2842 esse
1695 2800 1885 2842 nemo
1939 2778 2060 2843 sibi
2109 2780 2542 2864 persuadebit,

217 2882 331 2945 sed
372 2881 625 2946 vinculo
673 2881 955 2965 quodam
1001 2883 1341 2967 conjuncta
1377 2884 1691 2948 videntur.
1737 2887 2218 2969 Argumentum
2252 2885 2407 2970 quid
2437 2886 2539 2961 sit,

218 2987 407 3053 docet
453 2985 681 3068 Quint.
713 2992 870 3054 Inst.
908 2994 1073 3053 orat.
1108 2989 1189 3064 V,
1228 2997 1329 3064 10,
1365 2997 1439 3054 9:
1511 2989 1719 3066 „Nam
1768 2995 1835 3054 et
1879 2990 2136 3055 fabulae
2180 2991 2262 3054 ad
2323 2993 2538 3054 actum

217 3115 550 3157 scenarum
586 3094 984 3179 compositae
1018 3099 1475 3180 argumentum
1507 3096 1830 3160 dicuntur.
1888 3095 2041 3176 Quo
2074 3097 2364 3180 apparet,
2411 3115 2541 3157 omz

216 3220 361 3262 nem
408 3200 490 3262 ad
535 3198 943 3263 scribendum
991 3199 1380 3286 destinatam
1430 3202 1768 3265 materiam
1815 3202 1909 3265 ita
1941 3200 2309 3287 appellari“,
2366 3199 2540 3284 quod

217 3304 603 3369 Aristoteles
666 3305 857 3369 modo
911 3310 1149 3386 μῦθον,
1213 3308 1406 3371 modo
1469 3313 1593 3370 τῶν
1650 3305 2031 3388 πραγμάτιον
2077 3303 2375 3368 σύνθεσιν
2433 3329 2541 3369 no-

220 3410 444 3475 minat.

390 3516 802 3602 Argumenta
846 3517 1220 3581 comoediae
1264 3517 1501 3580 latinae
1547 3540 1626 3580 ex
1669 3540 1836 3580 nova
1883 3515 2286 3582 Graecorum
2334 3517 2541 3602 petita

207 3620 344 3703 jam
390 3643 586 3707 supra
630 3622 984 3697 docuimus,
1030 3623 1263 3707 quibus
1310 3646 1508 3707 quum
1554 3623 1621 3685 in
1667 3645 1957 3685 amorum
2008 3607 2352 3708 praecipue
2395 3621 2541 3686 lusi-

219 3726 337 3790 bus
386 3730 452 3790 et
496 3727 669 3791 vitae
715 3728 1001 3814 vulgaris
1032 3730 1283 3794 ambitu
1316 3734 1752 3803 versarentur,
1800 3728 1867 3791 id
1897 3726 2083 3791 facile
2115 3727 2537 3803 efficiebatur,

218 3835 292 3895 ut
318 3835 716 3918 spectatores
762 3834 929 3897 idem
977 3857 1120 3898 cum
1156 3835 1298 3909 illis,
1346 3835 1455 3919 qui
1502 3835 1566 3898 in
1605 3857 1794 3900 scena
1840 3838 2107 3919 agerent
2150 3856 2278 3897 una
2309 3840 2376 3897 et
2406 3855 2540 3896 sen-

215 3937 342 4001 tire
375 3941 442 4000 et
464 3959 656 4023 agere
678 3938 799 4002 sibi
834 3939 1223 4004 viderent-ur.
1272 3945 1502 4024 Itaque
1528 3962 1726 4024 quum
1756 3937 2110 4004 Caecilium
2145 3938 2412 4001 πάθεσιν
2436 3961 2541 4002 ex-

215 4042 503 4107 celluisse
528 4046 1016 4129 cognoverimus
1043 4052 1238 4129 atque
1261 4046 1337 4109 iis
1377 4046 1857 4109 commovendis
1885 4046 2161 4108 maxime
2191 4043 2536 4119 studuisse,

219 4149 432 4212 Varro
478 4148 531 4212 si
578 4157 961 4235 argumenta
1011 4149 1273 4217 Caecilii
1305 4150 1551 4225 laudat,
1600 4152 1735 4214 sine
1782 4150 1982 4215 dubio
2028 4150 2183 4215 nihil
2229 4150 2405 4214 aliud
2451 4151 2540 4214 di-

217 4258 393 4316 ctum
440 4252 601 4328 vult,
666 4276 857 4337 quam
909 4254 1261 4320 Caecilium
1313 4257 1648 4320 materiam
1705 4256 2073 4320 comoediae
2127 4255 2212 4319 ad
2273 4254 2540 4320 affectus
