2946 4761
1493 275 1575 335 41

363 463 543 529 enim.
568 464 960 550 ignorantes,
1008 465 1252 546 quanto
1282 462 1528 531 civium.
1549 463 1916 529 eruditioma
1944 460 2346 527 Graecorum
2391 460 2700 529 doctrina·

363 570 638 639 distaret
694 573 760 635 et
806 569 1200 654 cognitione,
1242 567 1584 651 simulque*
1611 589 1823 633 mores
1869 571 1936 633 et
1980 567 2304 653 ingenium
2351 567 2690 650 utriusque

370 675 591 760 populi
635 674 797 740 bene
829 673 1308 760 perspicientes,
1355 677 1430 739 ut
1473 676 1814 758 captarent
1844 674 2273 759 spectantium
2320 672 2691 739 benevolen-

363 782 562 855 tiam,
600 783 869 845 tantam
921 779 1171 864 copiam
1220 798 1434 843 rerum
1497 783 1564 845 et
1609 801 1864 847 morum
1908 777 2254 845 latinorum
2299 776 2533 843 fabulis
2576 778 2689 843 im·

368 885 743 961 miscebant,
794 890 890 957 ut,
932 884 1102 949 unde
1147 885 1458 969 originem
1505 883 1839 958 haberent,
1885 885 1996 949 vix
2025 889 2387 970 appareret,
2433 889 2499 949 et
2529 906 2690 949 con-

363 991 619 1057 fusione
661 1014 809 1057 raro
848 990 1410 1074 tamque-occulte
1457 990 1833 1070 utebantur,
1880 994 1955 1054 ut
1997 990 2105 1054 vix
2147 990 2529 1065 sentiretur,
2575 989 2689 1054 sed

369 1099 584 1163 emnia
627 1098 723 1163 ita
767 1097 1086 1161 instructa
1143 1100 1209 1160 et
1268 1096 1586 1181 disposita
1637 1095 2100 1170 cernebantur,
2160 1098 2235 1160 ut
2278 1094 2465 1163 facile
2508 1093 2687 1176 πάθη

362 1207 948 1274 commoverentur,
998 1223 1155 1266 neve
1197 1202 1263 1265 in
1309 1202 1682 1287 peregrinos
1724 1201 1900 1266 locos
1929 1192 2044 1267 ‚vel
2077 1223 2284 1266 mores
2332 1199 2691 1286 abriperen-

369 1313 479 1372 tur
525 1311 966 1394 spectatorum
1011 1307 1226 1371 animi.
1305 1304 1457 1385 Qua
1516 1329 1709 1371 causa
1767 1307 2045 1393 permoti
2107 1306 2269 1370 tales
2315 1323 2417 1370 res
2461 1306 2694 1370 insere·

367 1413 546 1487 bant,
597 1435 769 1497 quae.
805 1412 1180 1486 acerbitate,
1229 1414 1550 1499 gravitate
1591 1411 1777 1479 facile
1807 1413 2055 1477 animos
2100 1416 2319 1477 tenere
2363 1415 2692 1498 poterant,

367 1520 538 1585 unde
581 1518 646 1583 hi
690 1523 826 1583 tres
867 1524 1102 1604 poetae
1144 1518 1364 1583 studio
1410 1518 1716 1585 illudendi
1761 1523 1828 1584 et
1869 1518 2176 1582 irridendi
2220 1519 2288 1582 in
2329 1516 2692 1602 aequalium

369 1624 468 1690 vel
526 1626 815 1711 ipsorum
879 1624 1238 1710 principum
1299 1625 1578 1689 civitatis
1633 1623 1790 1687 vitia
1853 1623 2338 1688 invehebantur.
2416 1622 2568 1702 Qua
2607 1623 2694 1688 de

367 1753 438 1795 re
476 1731 738 1817 egregie
793 1729 953 1795 dicit
995 1728 1229 1795 Cicero
1288 1730 1369 1794 de
1421 1753 1494 1795 re
1537 1729 1791 1816 publica
1823 1735 1895 1796 -4.
1947 1729 2122 1815 apud
2183 1752 2233 1792 s.
2280 1729 2559 1814 August.
2609 1729 2690 1792 de

361 1837 540 1905 civit.
573 1836 679 1900 dei
711 1842 792 1909 11,
827 1843 902 1900 9:

542 1939 801 2020 „Quem
844 1941 956 2005 illa
996 1938 1386 2027 (comoedia)
1429 1964 1556 2006 non
1602 1941 1844 2027 attigit,
1892 1941 1990 2006 vel
2037 1941 2276 2026 potius,
2326 1961 2515 2024 quem
2563 1962 2694 2004 non.

367 2048 667 2113 vexavit?
731 2047 857 2112 Cui
899 2047 1232 2132 pepercit?
1291 2046 1481 2126 Esto,
1527 2046 1871 2132 populares
1901 2045 2194 2113 homines
2225 2045 2579 2131 improbos,
2626 2046 2692 2110 in

369 2152 697 2239 republica
719 2152 1077 2226 seditiosos,
1116 2150 1446 2226 Cleonem,
1483 2151 1978 2237 Cleophontem,
2011 2150 2462 2237 Hyperbolum
2486 2150 2692 2217 laesit.

369 2259 710 2331 Patiamur
752 2257 1052 2345 (inquit);
1115 2258 1240 2323 etsi
1291 2257 1606 2342 ejusmodi
1664 2258 1835 2322 cives
1894 2279 1934 2321 a
1991 2279 2253 2321 censore
2301 2256 2524 2322 melius
2569 2260 2691 2331 est,

367 2387 561 2448 quam
594 2388 635 2428 a
664 2369 860 2449 poeta
887 2364 1166 2441 censeri3
1215 2363 1328 2432 sed
1358 2363 1672 2430 Periclem
1721 2409 1738 2430 .
1773 2411 1788 2428 .
1825 2410 1840 2427 .
1885 2363 2111 2430 violari
2147 2363 2445 2431 versibus
2488 2367 2554 2428 et
2587 2364 2696 2449 agi

365 2472 434 2536 in
477 2493 666 2536 scena
709 2494 836 2535 non
886 2470 1037 2557 plus
1059 2470 1298 2543 decuit,
1341 2493 1534 2555 quam
1582 2471 1636 2534 si
1670 2469 1942 2535 Plautus
1973 2474 2194 2533 noster
2236 2470 2544 2535 voluisset
2575 2475 2694 2536 aut

326 2576 649 2642 ‘Naevius
699 2577 778 2643 P.
841 2580 909 2641 et
969 2574 1090 2641 Cn.
1151 2574 1438 2662 Scipioni
1501 2581 1615 2641 aut
1676 2574 1996 2640 Caecilius
2057 2575 2154 2640 Μ.
2205 2573 2444 2640 Catoni
2506 2576 2694 2642 male-

367 2683 600 2748 dicere.
642 2719 733 2729 —-—
790 2682 1068 2747 «Iudiciis
1112 2683 1281 2746 enim
1331 2683 1832 2767 magistratuum
1853 2727 1870 2753 ,
1926 2682 2500 2766 disceptationibus
2545 2682 2693 2768 legi-

370 2786 547 2852 timis
605 2787 1008 2871 propositam
1070 2787 1270 2852 vitam
1326 2809 1456 2854 non
1519 2789 1859 2872 poetarum
1912 2786 2183 2871 ingeniis
2228 2786 2465 2851 habere
2507 2786 2692 2853 debea

372 2903 550 2963 mus3
595 2912 713 2955 nec
754 2889 1064 2976 probrum
1111 2891 1368 2966 audire,
1430 2891 1553 2956 nisi
1598 2912 1675 2956 ea
1717 2890 1887 2976 lege,
1946 2896 2023 2955 ut
2067 2891 2459 2975 respondere
2503 2892 2696 2958 liceat

365 3001 436 3066 et
469 2996 715 3081 judicio
760 2995 1166 3062 defendere.“

548 3101 806 3182 Quibus
863 3102 1160 3168 omnibus
1221 3125 1708 3189 permovemur,
1767 3106 1848 3168 ut
1899 3124 2027 3168 non
2084 3107 2218 3168 tam
2279 3103 2441 3179 arti,
2496 3126 2693 3188 quam

369 3208 693 3295 voluptati
739 3213 807 3273 et
839 3208 1051 3276 sensui
1095 3209 1530 3294 spectantium
1558 3207 1704 3274 illos
1750 3208 2046 3274 serviisse
2077 3212 2154 3302 et⁴
2176 3208 2434 3274 unicum
2463 3232 2694 3274 eorum

306 3373 313 3381 .
366 3312 587 3380 finem,
614 3314 816 3384 fuisse
870 3313 946 3376 τὰ
1008 3313 1189 3395 πάθη
1246 3336 1656 3380 commovere
1714 3313 2088 3390 credamus,
2155 3336 2287 3400 quo
2346 3316 2694 3382 maximam

369 3418 540 3488 inter
583 3418 879 3503 aequales
920 3420 1254 3488 consecuti
1299 3425 1451 3486 sunt
1496 3419 1772 3486 laudem.

546 3523 671 3588 His
717 3524 927 3592 tribus
971 3526 1232 3592 comicis
1274 3526 1493 3594 latinis
1541 3526 1813 3594 mortuis
1858 3547 2058 3610 quum
2093 3526 2311 3611 magis
2359 3527 2693 3612 magisque

369 3628 769 3696 Graecarum
817 3653 1031 3698 rerum
1078 3632 1366 3700 studium
1410 3632 1854 3700 Romanorum
1899 3634 2149 3698 animos
2195 3636 2566 3718 penetraret
2603 3631 2690 3698 ab

367 3734 600 3799 Licinii
658 3734 808 3800 inde
866 3736 1267 3822 temporibus
1323 3737 1556 3802 comici
1613 3736 1794 3801 latini
1854 3737 1922 3801 id
1979 3736 2103 3801 sibi
2160 3737 2387 3801 datum
2449 3739 2693 3824 negotii

370 3843 639 3925 putasse
695 3841 1029 3914 videntur,
1098 3846 1174 3907 ut
1239 3844 1305 3907 in
1338 3843 1839 3908 -conscribendis
1904 3842 2040 3914 suis
2095 3843 2445 3908 comoediis
2505 3843 2693 3929 plura

367 3942 625 4010 Graeca
670 3944 1057 4031 exemplaria
1100 3952 1252 4012 ante
1294 3948 1517 4013 oculos
1563 3947 1874 4012 haberent
1918 3951 2114 4032 atque
2158 3970 2238 4011 ex
2283 3967 2689 4033 unaquaque,

365 4046 534 4134 quae
580 4054 735 4137 apta
780 4049 1168 4129 viderentur,
1217 4052 1523 4140 eligentes
1572 4055 1734 4118 tales
1780 4053 2109 4119 efficerent
2139 4053 2409 4129 fabulas,
2457 4056 2690 4139 quibus

368 4160 756 4242 temporum,
802 4181 1017 4223 rerum
1062 4157 1525 4244 hominumque
1572 4182 1822 4224 morum
1871 4164 1937 4224 et
1977 4165 2249 4224 naturae
2293 4159 2691 4246 praeclaram

365 4262 713 4348 imaginem
760 4265 1236 4349 spectatoribus
1291 4265 1669 4332 exhiberent
1727 4265 2044 4348 simulque
2097 4271 2586 4334 commoverent
2622 4271 2694 4332 et
